3620 6050
370 644 439 716 182
629 633 631 638 ’
964 662 1111 724 ubuum

366 837 474 898 Latine
496 841 582 900 lausa
604 842 696 900 scribi
719 843 805 903 docet
823 844 974 922 Ducangii
995 846 1185 922 glossarium.
1230 843 1301 906 Scio
1320 844 1358 904 ad
1372 843 1537 904 Arabicam
1554 843 1689 918 originem

366 941 440 1000 haec
460 941 564 1000 referri
588 944 698 1015 solere;
721 945 774 1004 sed
795 967 865 1005 num
887 947 952 1006 iure
975 949 1033 1008 hoe
1055 949 1108 1008 flat
1129 948 1233 1008 dubito
1241 948 1278 1023 1).

449 1043 534 1103 Haec
557 1055 627 1105 suut
647 1065 723 1124 quae
745 1047 782 1106 de
804 1049 993 1126 singulorum
1008 1051 1222 1112 vocabulorum
1240 1049 1330 1110 huius
1352 1049 1460 1127 capitis
1483 1047 1690 1125 significatione

365 1147 585 1222 praemittenda
610 1148 711 1212 duxi..
737 1149 822 1226 Opus
852 1160 950 1214 autem
981 1155 1201 1214 scaurariorum
1236 1153 1496 1228 testariorumque,
1529 1168 1605 1228 quos
1634 1151 1688 1208 iam

366 1251 544 1326 coniungere
564 1259 627 1312 tuto
646 1253 746 1314 licebit
760 1257 837 1314 utin
853 1256 959 1332 capitis
974 1256 1170 1334 inscriptione
1185 1257 1336 1316 coniuncti
1352 1264 1431 1328 suut,
1451 1253 1540 1330 quale
1553 1253 1643 1312 fuerit
1655 1271 1690 1312 ex

365 1351 426 1412 illis
443 1353 543 1412 verbis
557 1354 659 1414 licebit
674 1356 825 1434 colligere,
844 1358 954 1433 quibus
969 1360 1086 1420 duobus
1104 1359 1178 1419 illud
1193 1359 1283 1418 huius
1298 1359 1405 1435 capitis
1419 1357 1495 1418 locis
1510 1356 1690 1427 describitur,

489 1477 517 1516 v.
533 1455 574 1514 46
596 1457 635 1516 47
659 1501 811 1519 ........
825 1479 856 1520 re
871 1462 1013 1539 cepoldlra
1027 1465 1168 1539 frangere
1190 1481 1303 1522 cerame
1324 1462 1424 1522 lavare

489 1579 516 1618 v.
533 1560 573 1619 53
597 1559 637 1618 54
726 1581 785 1638 .pa
797 1605 1016 1625 ...........
1021 1565 1174 1644 srac]lturn
1196 1576 1300 1625 cretam
1323 1567 1504 1640 lavatumque

446 1662 484 1720 Iu
503 1663 613 1722 lacuna
633 1673 761 1742 utraque
775 1685 867 1725 unum
889 1668 1055 1746 alterumve
1075 1675 1232 1745 praeterea
1245 1668 1369 1728 verbum
1390 1673 1489 1743 potest
1509 1664 1692 1724 intercidisse

364 1763 407 1838 (v.
423 1764 462 1822 47
485 1765 603 1826 litterae
618 1767 737 1828 circiter
751 1770 858 1846 viginti
873 1755 1014 1846 quattuor
1035 1771 1219 1844 exciderunt,
1241 1792 1269 1832 v.
1286 1771 1325 1830 56
1348 1771 1466 1830 circiter
1483 1768 1591 1844 viginti
1613 1765 1689 1842 saal:

363 1866 452 1942 quale
473 1867 548 1928 illud
568 1870 659 1930 illave
678 1871 768 1932 fuerit
783 1881 865 1932 certa
885 1874 1056 1933 coniectura
1077 1876 1169 1934 statui
1190 1893 1251 1934 nou
1269 1891 1361 1950 posse
1382 1881 1466 1949 patet
1485 1878 1608 1949 praeter
1628 1890 1693 1946 pur-

363 1970 454 2044 gandi
481 1991 596 2045 vocem,
629 1992 705 2050 quae
734 1993 852 2034 summa
878 1995 944 2036 cum
976 1977 1188 2054 probabilitate
1221 1977 1396 2036 restituitur.
1446 1973 1576 2034 (lollatis
1604 1973 1690 2032 Plinii

266 2086 271 2098 ·
362 2073 462 2134 verbis
493 2074 649 2150 (XXXIII
677 2075 694 2152 ξ
717 2076 770 2154 69)
797 2077 940 2139 tundendi
969 2081 1074 2140 urendi
1102 2081 1233 2140 molendi
1261 2079 1353 2140 verba
1380 2079 1478 2137 locum
1506 2078 1557 2136 hic
1586 2077 1693 2136 habere

362 2185 531 2251 potuerunt.
589 2178 707 2239 Deinde
739 2200 806 2240 cum
842 2181 1021 2260 expediendi
1053 2183 1143 2242 etiam
1176 2183 1302 2243 tollendi
1337 2181 1419 2240 notio
1451 2180 1540 2238 facile
1575 2180 1694 2238 coniun-

361 2279 455 2355 gitur3
478 2280 605 2358 denique
626 2301 664 2340 ne
679 2281 771 2342 dandi
793 2284 913 2362 quidem
934 2303 1011 2363 opus
1032 2287 1179 2346 absonum
1193 2287 1321 2357 videtur,
1343 2293 1377 2343 ut
1396 2285 1606 2344 demonstrant
1621 2300 1693 2358 quae

363 2401 391 2440 v.
408 2381 447 2441 56
471 2393 619 2444 secuntur.

446 2484 589 2546 Scauriae
614 2487 708 2566 igitur
733 2491 921 2569 argentariae
950 2491 1093 2564 aerariae,
1120 2492 1220 2568 pulvis
1243 2512 1282 2551 ex
1302 2489 1415 2550 eisdem
1439 2489 1578 2562 salsuriis,
1600 2496 1693 2548 rutra·

361 2587 443 2646 mina
464 2589 526 2665 (cui
547 2590 691 2650 vocabulo
712 2611 746 2652 ce
766 2594 943 2669 particulam
965 2613 984 2652 a
1005 2593 1197 2670 quadratario
1219 2612 1291 2654 casu
1313 2595 1457 2652 omissam
1479 2591 1585 2651 addidi
1607 2609 1695 2669 prop·

360 2697 406 2748 ter
426 2691 603 2769 pulverenus
624 2695 706 2770 quod
727 2695 893 2772 praecedit)
916 2697 1074 2774 purgando
1096 2697 1262 2774 frangendo
1284 2697 1431 2755 cernendo
1453 2695 1585 2754 lavando
1608 2713 1694 2770 para-

360 2793 482 2866 bantur3
510 2814 579 2854 uam
606 2797 698 2855 verba
730 2797 783 2856 illa
809 2817 981 2876 quanquam
1007 2818 1068 2858 non
1096 2801 1195 2876 posita
1223 2800 1326 2859 eodem
1353 2817 1413 2875 quo
1440 2798 1565 2856 nomina
1592 2796 1695 2856 ordine

360 2903 460 2956 tamen
480 2898 638 2958 referenda
659 2917 726 2960 esse
747 2899 904 2977 frangendi
923 2903 1044 2961 verbum
1068 2901 1106 2960 ad
1127 2903 1301 2974 rutrnminn,
1323 2901 1463 2961 cernendi
1485 2900 1523 2960 ad
1546 2900 1694 2968 scaurias,
1787 2915 1788 2979 l

359 2998 482 3058 lavandi
504 3000 542 3060 ad
562 3001 713 3078 pulverem
737 3003 931 3064 manifestum
952 3013 1008 3064 est.
1054 3003 1139 3079 Quae
1160 3007 1377 3083 praecedebant
1398 3004 1490 3063 verba
1515 3003 1559 3078 (v.
1578 3000 1636 3078 47)
1658 3000 1696 3059 ad

359 3121 501 3162 naturam
526 3105 687 3181 ponda[sce
714 3148 887 3166 .........
917 3107 1107 3183 (exciderunt
1132 3109 1250 3168 litterae
1278 3109 1393 3168 circiter
1420 3106 1591 3184 viginti)]re
1614 3122 1694 3180 erpt-

359 3205 430 3282 lda're
456 3207 509 3266 vix
539 3218 619 3268 certo
646 3209 736 3268 modo
757 3209 860 3269 licebit
882 3211 1031 3286 supplere.
1076 3209 1165 3285 Quod
1191 3213 1318 3272 tollendi
1343 3213 1472 3271 fortasse
1497 3206 1695 3286 expediendi·

357 3326 415 3384 que
436 3311 529 3372 verba
549 3312 733 3386 praecedunt
756 3313 882 3391 reliqua,
911 3332 987 3390 quae
1015 3315 1178 3374 secundum
1200 3315 1296 3394 ipsius
1319 3315 1418 3394 operis
1440 3321 1583 3372 naturam
1607 3310 1693 3369 debe·

357 3411 430 3471 bant
451 3414 635 3490 antecedere,
657 3435 717 3476 non
739 3417 863 3477 offendit
883 3417 915 3476 in
938 3417 1085 3477 sermonis
1105 3418 1160 3477 illa
1180 3419 1383 3496 neglegentia,
1404 3435 1494 3495 quam
1515 3435 1574 3494 per
1596 3415 1694 3491 legem

356 3517 527 3576 universam
549 3518 684 3578 videmus
705 3520 848 3580 obtinere.
866 3553 904 3564 -
921 3519 969 3580 De
990 3520 1038 3578 his
1060 3520 1301 3581 Mommsenus
1323 3523 1397 3581 haec
1418 3537 1534 3578 mecum
1558 3535 1692 3577 commu·

356 3620 483 3680 nicavit:
505 3617 578 3680 ‘Ubi
600 3615 708 3700 agitur
721 3623 757 3682 de
782 3624 968 3701 purgatione,
989 3642 1130 3684 mensura
1147 3625 1303 3702 pondusve
1321 3631 1403 3684 recte
1424 3621 1579 3699 interponi
1595 3620 1694 3696 potnit

355 3723 408 3794 ita,
429 3732 462 3782 ut
483 3723 608 3800 singulis
623 3726 723 3802 operis
746 3726 872 3803 singulis
895 3727 1000 3786 diebus
1021 3747 1082 3786 uon
1104 3730 1326 3803 permitteretur
1347 3746 1387 3786 ex
1402 3725 1530 3786 metallis
1553 3722 1691 3783 scaurias

355 3831 488 3885 testesve
507 3828 664 3887 extrahere
686 3828 764 3887 ultra
785 3838 897 3888 certam
911 3848 1081 3889 mensuram
1095 3837 1246 3891 certumve
1266 3830 1401 3908 pondus:
1425 3847 1485 3905 qua
1507 3827 1544 3886 de
1568 3847 1604 3885 re
1628 3843 1694 3884 cum

353 3927 386 3986 in
406 3929 473 4005 lege
493 3929 531 3988 de
546 3930 677 3990 metallis
699 3931 831 4009 generali
854 3943 972 3992 cautum
991 3939 1081 4005 esset,
1104 3932 1247 3992 hocloco
1267 3933 1367 3992 brevis
1389 3931 1533 3991 indicatio
1558 3928 1693 3990 sufficie-

354 4029 415 4088 bat.
459 4030 651 4110 Quapropter
672 4052 753 4105 cave,
775 4054 813 4094 ne
840 4037 1021 4112 emptionem
1050 4035 1119 4094 huic
1147 4035 1217 4095 loco
1244 4035 1417 4111 interponas
1445 4055 1464 4093 a
1489 4040 1556 4092 tota
1575 4019 1694 4108 ¹capitis

354 4133 503 4191 sententia
524 4135 613 4210 plane
634 4137 852 4196 abhorrentem.
895 4137 1107 4214 Expediuntur
1125 4146 1225 4198 autem
1240 4158 1301 4198 non
1322 4145 1439 4197 tanturn
1454 4153 1586 4212 eaquae
1609 4135 1694 4192 foras

353 4235 522 4308 mittuntur,
548 4236 602 4296 sed
628 4257 666 4298 ea
691 4257 809 4316 quoque
835 4258 913 4316 quae
933 4258 1025 4300 manu
1045 4247 1211 4300 tractantur
1231 4251 1262 4300 et
1282 4241 1489 4318 perficiuntur:
1516 4237 1641 4314 pariter
1662 4241 1695 4292 ut

354 4355 382 4394 v.
399 4337 439 4395 54
465 4338 563 4415 agitur
595 4340 632 4398 de
661 4341 806 4417 lapidibus
834 4343 937 4402 lanatis
963 4344 1110 4420 expeditis.
1153 4344 1261 4420 Itaque
1293 4341 1471 4421 expediendi
1503 4339 1693 4400 vocabulum

352 4457 413 4497 non
435 4439 583 4517 significat
602 4443 661 4501 hoc
680 4443 749 4502 loco
770 4445 829 4503 nisi
852 4444 883 4502 id
903 4445 1002 4522 ipsam
1026 4445 1107 4523 quod
1127 4446 1231 4522 paullo
1252 4444 1374 4506 diversa
1394 4444 1510 4504 ratione
1532 4442 1693 4518 significa·
1785 4447 1786 4468 ³

352 4549 401 4600 tur
421 4542 509 4601 iuxta
529 4544 637 4620 positis
660 4546 808 4623 purgandi
830 4553 860 4606 et
880 4547 1037 4626 frangendi
1059 4555 1089 4607 et
1110 4543 1238 4608 ceteris'.

436 4641 512 4704 Oum
538 4648 760 4707 scaurariorum
788 4667 879 4725 opere
904 4649 1094 4728 coniungitur
1120 4650 1227 4710 deinde
1254 4669 1326 4726 opus
1351 4653 1382 4708 in
1408 4649 1606 4726 lapieaedc'nis
1637 4665 1692 4724 qao

352 4763 406 4821 qao
427 4748 696 4824 madefaciendum
718 4750 758 4827 (v.
777 4751 842 4828 48),
865 4751 946 4828 quod
968 4770 1027 4811 non
1050 4751 1087 4812 ad
1108 4753 1249 4814 testarios
1271 4751 1460 4811 referendum
1482 4750 1535 4810 sed
1560 4771 1582 4809 a
1606 4768 1692 4810 scau·

350 4831 499 4908 rariorum
519 4853 768 4930 testariorumque
790 4871 881 4931 opere
903 4855 1055 4916 diversum
1081 4862 1203 4935 propter
1225 4864 1382 4915 externam
1410 4861 1523 4913 tautum
1552 4853 1690 4932 aliquam

350 5045 555 5064 ——2-—1——0

428 5193 452 5258 ¹)
489 5195 531 5246 De
554 5195 652 5250 lausiac
671 5199 797 5250 vocabulo
818 5201 1032 5254 Soromenius
1051 5217 1151 5254 mecum
1170 5203 1255 5266 sentit,
1275 5203 1319 5269 qui
1336 5199 1432 5269 pedras
1451 5199 1482 5251 de
1500 5198 1580 5251 lousa
1593 5201 1691 5253 Portu·

349 5287 502 5352 gallensium
526 5305 583 5339 cum
601 5291 832 5358 Francogallorum
854 5291 934 5343 tables
952 5287 976 5344 d’
980 5293 1083 5346 ardoine
1101 5298 1241 5361 componit.
1279 5293 1345 5346 Nam
1364 5295 1477 5360 lapidem
1496 5293 1633 5346 scissilem
1652 5307 1692 5344 re·
1784 5345 1785 5382 .

350 5379 431 5444 periri
449 5379 597 5444 frequenter
615 5383 644 5433 in
661 5385 807 5448 lapicidinis
826 5401 907 5458 prope
925 5386 1054 5454 Aly'cstrel
1072 5390 1186 5452 adnotat.
1784 5385 1785 5394 ¹
