3596 6040
555 683 629 732 nux
657 681 736 732 oon.
766 681 994 732 cucumula.
1369 662 1438 731 101

128 856 162 913 ad
185 875 303 912 munera
336 855 456 932 publica
488 855 590 914 omnia
621 856 787 931 pervenire,
821 854 957 931 quamvis
989 853 1165 930 plerumque
1197 853 1292 911 solius
1318 853 1445 911 militiae

129 957 228 1014 mentio
252 959 305 1016 fiat
330 965 434 1034 utpote
456 959 587 1016 omnium
613 977 768 1016 munerum
790 955 973 1033 gravissimi.
1023 953 1167 1015 Similiter
1193 953 1299 1013 Cicero
1327 973 1445 1032 quoque

129 1058 215 1132 (acad.
236 1079 280 1136 pr.
296 1058 326 1131 2,
343 1060 392 1132 38,
411 1059 484 1135 121)
513 1062 672 1118 sacerdotes
698 1062 812 1118 deorum
838 1059 881 1116 ait
906 1060 1082 1117 uacaaouem
1103 1057 1204 1116 babere
1234 1057 1371 1115 universe
1394 1057 1444 1130 (cf.

128 1161 291 1236 Marquardt
324 1163 434 1220 enchir.
458 1162 592 1237 4,171);
625 1162 804 1239 explicatius
833 1160 1001 1236 Dionysius
1034 1178 1142 1218 vacare
1176 1159 1319 1218 duoviros
1352 1158 1446 1217 sacris

128 1262 263 1320 faciundis
291 1265 445 1347 στρατειῶν
474 1252 523 1321 καὶ
549 1265 603 1321 τῶν
630 1251 725 1321 ἄλλων
751 1265 806 1319 τῶν
832 1257 907 1319 κατὰ
929 1255 977 1332 τὴν
999 1251 1079 1318 πᾶλιν
1101 1263 1300 1344 πραγματειῶν
1322 1261 1366 1336 (4,
1383 1259 1446 1334 62),

128 1381 218 1439 regem
240 1381 392 1424 sacrorum
415 1355 531 1434 ἁπάσης
552 1357 729 1448 λειτουργίας
750 1366 902 1432 πολεμικῆς
923 1353 971 1420 καὶ
993 1366 1137 1434 πολιτικῆς
1160 1363 1203 1440 (5,
1222 1363 1253 1434 l;
1276 1365 1314 1421 cf.
1331 1363 1360 1434 4,
1377 1362 1445 1436 74);

127 1464 197 1523 idem
219 1464 246 1537 2,
263 1465 300 1524 21
326 1468 362 1526 de
385 1468 556 1526 curionibus
590 1468 708 1526 scribit:
745 1461 793 1524 διοὶ
820 1461 926 1526 mauric
951 1467 1004 1522 rori
1024 1458 1093 1530 βιόυ
1127 1467 1278 1550 στρατειῶν
1300 1453 1349 1534 μὲν
1375 1459 1447 1520 ἆτο-

126 1557 285 1632 λελιιμὲνους
320 1560 368 1625 brai
394 1564 445 1639 τὴν
470 1561 594 1640 ἡλικίαν,
625 1572 680 1626 τῶν
713 1557 743 1626 δὲ
777 1561 855 1626 κατὰ
879 1561 928 1638 τὴν
958 1557 1038 1625 πᾶλιν
1061 1563 1194 1650 ὃχληρῶν
1218 1562 1265 1624 δια
1287 1563 1335 1625 mia
1357 1557 1447 1634 νόμον.

128 1664 254 1740 Quodsi
279 1672 411 1746 quaeris,
434 1691 581 1749 quaenam
608 1691 643 1729 ea
670 1691 793 1730 munera
818 1672 888 1742 sint,
916 1677 995 1728 certe
1021 1689 1057 1728 eo
1079 1671 1231 1745 pertinent
1250 1689 1326 1746 quae
1348 1676 1449 1746 poste·

127 1770 198 1828 riore
228 1779 363 1850 tempore
396 1775 569 1851 personalia
597 1773 743 1844 dicuntur,
776 1773 873 1848 qualis
896 1781 943 1830 est
969 1791 1040 1830 cura
1065 1773 1201 1831 fanorum
1229 1773 1305 1848 legis
1328 1780 1449 1830 nostrae

128 1890 149 1928 c.
167 1871 221 1930 128
243 1876 376 1949 provisa,
398 1875 469 1935 item
492 1893 600 1934 munus
622 1875 783 1946 iudicandi,
807 1893 987 1950 quamquam
1010 1863 1170 1950 aliquando
1193 1874 1274 1950 apud
1293 1873 1448 1932 Romanos

126 1973 278 2033 iudicatum
307 1985 353 2035 est
384 1982 560 2036 vocatiouem
586 1996 722 2053 aapurcs,
757 1997 810 2052 quo
837 1981 929 2036 miuus
956 1978 1070 2036 iudiciis
1098 1995 1214 2052 operam
1242 1978 1360 2048 darent,
1393 1995 1449 2033 aaa

126 2075 218 2134 babere
239 2076 363 2153 (Cicero
387 2080 469 2138 Brut.
494 2080 644 2154 31,117).
688 2079 828 2154 Denique
849 2080 980 2138 honores
1003 2087 1125 2138 eatenus
1153 2079 1326 2137 muneribus
1349 2078 1450 2152 aequi-

125 2179 319 2253 parabuutur,
356 2190 503 2258 quatenus
530 2182 581 2257 qui
611 2190 729 2240 creatus
756 2191 802 2239 est
828 2199 879 2240 eos
908 2182 1060 2258 suscipere
1088 2182 1219 2259 cogitur3
1253 2181 1334 2258 quod
1364 2189 1398 2238 ut
1418 2180 1449 2238 in

126 2279 191 2336 urbe
212 2281 313 2340 Roma
333 2293 449 2342 mature
471 2283 536 2342 lieri
559 2284 647 2343 desiit
669 2283 861 2358 (Staatsrecbt
886 2281 926 2355 1²,
942 2283 1028 2358 474),
1055 2283 1098 2340 ita
1123 2283 1154 2341 iu
1176 2283 1347 2359 municipiis
1371 2282 1449 2340 colo-

124 2381 231 2457 niisque
253 2386 412 2460 probabile
433 2395 480 2444 est
502 2403 619 2463 semper
641 2386 817 2444 obtinuisse.
861 2386 908 2443 Ea
929 2395 1026 2444 autern
1049 2403 1182 2457 munera,
1208 2403 1285 2460 quae
1307 2385 1450 2460 patrimo·

125 2483 232 2542 niorum
254 2487 353 2562 magis
377 2497 446 2546 sunt
460 2507 549 2564 quam
568 2488 747 2564 personalia,
770 2507 840 2546 num
863 2488 919 2545 hac
938 2487 1147 2562 antiquissima
1169 2486 1355 2544 immunitate
1370 2505 1449 2544 come

125 2587 264 2658 prehensa
289 2590 399 2648 fuerint
421 2591 446 2648 si
468 2591 603 2666 quaeris,
632 2590 814 2665 respondent
835 2590 959 2648 annales
981 2588 1061 2646 Livii
1082 2590 1137 2660 33,
1158 2588 1212 2646 42ι
1236 2608 1368 2665 maquum
1390 2607 1449 2646 cer-

126 2697 209 2747 tamen
230 2710 294 2749 cum
317 2693 443 2750 omuibus
466 2693 659 2750 sacerdotibus
683 2712 712 2750 ea
736 2712 810 2751 anuo
827 2695 890 2768 suit
910 2691 1108 2767 quaestoribus
1131 2691 1249 2748 urbanis
1266 2735 1273 2748 .
1290 2733 1297 2748 .
1314 2733 1320 2748 .
1338 2734 1345 2747 .
1362 2709 1449 2766 quac-

126 2799 205 2849 storcs
231 2794 267 2850 ab
298 2795 456 2870 captoribus
478 2797 714 2871 pontificibusque
740 2797 819 2870 quod
844 2795 1012 2870 stipendium
1032 2813 1086 2869 per
1108 2793 1211 2850 bellum
1235 2813 1291 2850 aaa
1314 2793 1450 2851 contulis-

126 2901 182 2948 sent
197 2897 335 2968 petebant
356 2897 391 2953 ab
414 2897 625 2956 sacerdotibus:
647 2898 754 2954 tribuni
775 2897 915 2972 appellati
937 2899 1113 2971 amatumque
1135 2914 1283 2968 aurorum,
1303 2913 1358 2970 per
1379 2913 1449 2970 quos

124 2997 344 3070 condederant,
367 3008 493 3057 exactum
516 3010 565 3057 est.
609 3001 724 3074 Aperte
752 2999 923 3056 sacerdotes
951 3007 1136 3073 negaverunt
1162 3016 1195 3056 sc
1222 2997 1333 3056 tributo
1356 2997 1449 3054 teneri

124 3105 239 3170 propter
260 3100 480 3180 immunitatem
510 3102 576 3177 lege
609 3101 667 3159 sibi
700 3118 883 3174 concessam,
918 3100 969 3158 sed
1002 3119 1062 3158 nou
1088 3099 1287 3171 obtinuerunt,
1321 3117 1386 3156 cum
1415 3117 1451 3154 ea

125 3200 300 3258 contributio
322 3203 365 3259 rei
388 3204 484 3278 magis
507 3221 595 3278 quam
618 3221 764 3278 personae
787 3219 854 3261 osse
875 3202 1034 3260 videretur.

199 3301 311 3378 Neque
338 3305 525 3380 apparitores
553 3306 740 3364 sacerdotum
770 3305 857 3363 liberi
884 3305 1021 3362 homines
1054 3323 1149 3378 neque
1177 3302 1288 3381 publici
1318 3302 1452 3360 attributi

126 3402 165 3458 eis
187 3404 217 3460 in
239 3406 309 3481 laga
331 3407 534 3478 nominantur,
556 3407 753 3482 videnturque
775 3406 849 3463 adeo
872 3406 947 3464 nulli
969 3406 1044 3464 tales
1065 3407 1095 3464 in
1118 3407 1235 3464 colonia
1259 3405 1363 3477 fuisse,
1386 3423 1453 3461 cum

124 3503 204 3562 aliter
225 3508 280 3566 vix
305 3509 462 3583 praeteriri
482 3509 641 3585 potuerint.
1121 3501 1126 3511 ⁰

202 3609 248 3667 Dc
275 3613 429 3685 auspiciis,
457 3610 507 3668 Iex
536 3611 579 3668 ait
607 3609 646 3685 (c.
664 3611 702 3668 66
725 3630 753 3686 p.
773 3611 823 3694 11,Ι
838 3609 881 3684 3),
914 3628 1040 3686 quaeqae
1067 3611 1107 3667 ad
1131 3629 1179 3667 eas
1205 3628 1250 3667 res
1273 3608 1593 3684 pertiaebuutludica-tio

125 3726 262 3784 cuparum
290 3713 364 3770 iaris
390 3713 476 3770 dictio
502 3714 638 3771 iudicatio
666 3720 733 3770 esto.
777 3711 812 3768 Id
834 3711 932 3786 ipsum
956 3709 1061 3770 Cicero
1084 3711 1135 3786 (de
1157 3711 1213 3786 leg.
1239 3709 1267 3781 2,
1283 3709 1312 3780 8,
1329 3709 1383 3785 21)
1409 3711 1452 3767 ita
1467 3706 1592 3755 augurum

124 3816 266 3870 enuntiat:
294 3813 450 3890 (augures)
481 3818 531 3889 qui
557 3824 642 3890 aqcut
670 3832 728 3870 rem
755 3813 843 3870 duelli
863 3817 967 3889 qusque
985 3815 1165 3889 popularem,
1189 3815 1349 3886 auspicium
1367 3830 1453 3886 prac-

123 3924 245 3972 maaeata
275 3915 383 3992 allique
415 3916 646 3991 obtemperanto.
664 3957 670 3971 .
688 3959 694 3973 .
712 3933 838 3990 quaeque
865 3933 958 3990 aupur
982 3918 1090 3973 iniusta
1117 3916 1230 3988 nefasta
1255 3916 1359 3971 vitiosa
1386 3915 1454 3969 dira

125 4015 248 4086 deluerit,
274 4020 365 4074 inrita
392 4020 550 4093 infectaque
578 4027 670 4088 scuto,
697 4020 801 4092 quique
826 4020 1036 4093 comparuerit
1056 4017 1165 4091 capital
1187 4027 1253 4086 esto,
1281 4015 1397 4072 cautius
1425 4023 1455 4070 et

124 4118 300 4189 prudentius
329 4103 380 4175 ille
407 4137 496 4194 quam
523 4120 574 4177 lex
602 4118 750 4189 coloniae;
784 4137 852 4176 nam
881 4118 1001 4193 proprie
1033 4121 1161 4192 augures
1194 4135 1248 4175 nec
1276 4118 1323 4174 ius
1353 4116 1455 4174 dicunt

124 4235 217 4293 neque
238 4220 384 4293 iudicant,
407 4221 460 4279 sed
474 4221 602 4280 consulti
617 4221 788 4279 decernunt.
826 4218 940 4278 Contra
962 4221 1040 4278 enim
1063 4219 1087 4277 si
1110 4219 1160 4294 qui
1181 4218 1316 4290 fecerint,
1339 4227 1453 4276 tautum

125 4319 215 4392 abest,
238 4330 273 4378 ut
288 4339 435 4400 augurum
458 4323 499 4380 sit
519 4341 581 4380 rem
597 4323 704 4399 exequi
723 4340 909 4399 poenamque
930 4331 1074 4397 repetere,
1096 4331 1129 4379 ut
1150 4321 1180 4378 id
1203 4339 1320 4395 semper
1342 4327 1455 4395 spectet

125 4421 160 4476 ad
180 4424 375 4499 magistratus
398 4424 450 4499 (cf.
466 4425 645 4484 Staatsrccbt
660 4423 688 4496 2,
706 4423 765 4483 290
791 4445 819 4483 ιι.
837 4423 879 4499 2).
923 4425 966 4482 At
987 4424 1212 4500 magistratibus
1234 4441 1300 4480 cum
1323 4422 1354 4478 in
1376 4423 1454 4478 eius-

125 4524 204 4581 modi
224 4545 259 4583 re
281 4525 346 4582 iure
367 4526 531 4602 auguribus
554 4526 817 4605 obtemperandum
841 4535 930 4598 esset,
957 4545 1016 4583 non
1039 4527 1103 4584 siue
1126 4543 1217 4584 causa
1242 4524 1302 4599 ipsi
1325 4540 1454 4600 augures

124 4621 164 4681 ita
185 4645 247 4684 rem
264 4627 442 4686 videbantur
463 4629 660 4700 iudicavissc3
683 4629 771 4705 plane
793 4636 825 4686 ut
846 4629 878 4686 in
893 4628 992 4686 causis
1015 4629 1141 4704 prIvatis
1164 4627 1284 4702 proprie
1306 4626 1457 4700 praetoris

123 4725 264 4786 iudicium
287 4738 335 4786 cst
356 4747 532 4806 summoque
553 4731 617 4788 iure
640 4731 724 4790 solus
747 4730 773 4787 is
794 4747 952 4788 causarum
972 4730 1064 4788 iudex
1086 4731 1221 4799 habetur,
1244 4728 1295 4786 sed
1311 4747 1378 4785 cum
1397 4728 1455 4804 pri-

124 4837 223 4887 vatum
238 4831 323 4889 iubet
338 4832 515 4890 sententiam
534 4832 623 4904 ferre,
644 4833 735 4908 vulgo
750 4832 777 4889 is
793 4839 822 4889 et
836 4831 986 4889 iudicasse
1001 4832 1106 4890 dicitur
1121 4842 1150 4888 et
1167 4831 1259 4889 iudex
1278 4829 1455 4906 appellatur.

207 4929 298 5004 Quod
330 4933 406 5008 legis
439 4951 463 4990 o.
486 4933 591 4991 LXIV
618 4933 735 4991 duoviri
767 4933 1000 5008 decurionesque
1034 4934 1165 4991 cuiusvis
1199 4933 1269 4990 anui
1302 4933 1450 5010 principio
1463 4941 1597 4990 Feriarum

125 5039 257 5090 statuere
280 5034 427 5106 iubentur,
450 5054 521 5110 quos
543 5046 568 5094 et
582 5045 650 5111 quot
672 5037 731 5092 dies
746 5037 836 5109 festos
853 5052 912 5091 esse
933 5043 958 5090 ct
973 5053 1047 5109 qaae
1069 5053 1153 5091 sacra
1170 5037 1236 5110 fieri
1256 5034 1367 5109 publice
1386 5022 1598 5108 ραι-01221820

125 5144 193 5204 ceat,
216 5154 236 5190 a
259 5137 471 5194 consuetudine
494 5137 536 5193 rei
560 5137 696 5211 publicae
712 5136 866 5193 Romanae
889 5135 1008 5206 recedit,
1031 5137 1140 5214 quippe
1163 5137 1194 5194 in
1216 5154 1275 5211 qua
1297 5157 1315 5194 a
1337 5135 1456 5194 Numae

124 5233 192 5291 iude
227 5243 361 5312 tempore
388 5238 495 5314 partim
526 5257 563 5296 ex
591 5238 719 5313 publicis
747 5237 850 5308 fastis,
883 5237 991 5312 partim
1019 5237 1136 5312 legibus
1165 5238 1336 5296 moribusve
1369 5255 1457 5295 sacra

127 5343 206 5393 stata
229 5338 433 5412 procederent.
478 5337 675 5398 Coniunctum
698 5349 795 5398 autem
819 5347 866 5397 est
887 5345 977 5414 caput
1003 5339 1059 5395 hoc
1081 5357 1148 5398 cum
1172 5339 1265 5397 altero
1288 5337 1456 5398 CXXVIII

1211 5441 1229 5498 8
