3620 6050
334 585 407 656 208
929 604 1073 656 nassau

331 779 510 842 sacerdotiis
533 779 576 838 eis
599 779 728 838 obtinuit
747 779 779 836 in
794 796 872 854 quae
894 786 923 836 et
937 778 1056 853 patricii
1078 787 1108 836 et
1129 777 1237 854 plebeii
1261 779 1487 855 coeptabantur,
1515 789 1548 838 ut
1569 781 1601 838 iu
1622 781 1665 838 lo-

331 902 399 942 cum
422 882 541 958 patricii
562 882 708 940 demortui
729 899 816 939 nemo
837 881 896 938 nisi
918 881 1073 956 patricius,
1102 880 1133 938 in
1160 881 1260 939 locum
1282 881 1392 958 plebeii
1414 901 1501 941 nemo
1523 883 1583 940 uisi
1605 883 1667 958 ple·

332 985 418 1043 beius
442 991 641 1061 coaptaretur,
672 985 767 1042 altera
787 989 873 1060 parte
896 981 1056 1041 sacerdotii
1079 983 1213 1060 patriciis
1236 983 1333 1042 altera
1353 984 1481 1061 plebeiis
1504 985 1665 1060 servata1),

334 1087 453 1146 sodales
476 1087 658 1164 Augustales
682 1093 850 1157 servarunt;
878 1085 910 1142 in
937 1104 1003 1144 eam
1026 1085 1105 1144 enim
1127 1085 1278 1144 decuriam
1300 1103 1378 1161 quac
1399 1085 1531 1146 Neronis
1555 1085 1666 1148 Caesa·

333 1191 376 1249 ris
398 1189 515 1268 patricii
536 1189 666 1248 hominis
683 1207 776 1248 causa
790 1189 953 1248 constituta
974 1197 1021 1246 est
1040 1206 1093 1262 per
1108 1188 1190 1247 vices
1213 1197 1380 1266 temporum
1402 1192 1549 1249 suecessit
1563 1211 1590 1249 a.
1609 1190 1667 1248 230

335 1291 372 1366 Q.
397 1293 556 1352 Petronius
578 1291 694 1363 Melior,
717 1310 806 1368 quem
828 1290 975 1366 plebeium
1001 1289 1095 1348 fuisse
1117 1309 1183 1348 cum
1212 1291 1394 1350 tribunatum
1419 1293 1517 1370 plebis
1540 1294 1669 1376 gesserit

334 1395 440 1454 titulus
464 1393 721 1452 Wilmannsianus
747 1390 862 1469 12132)
885 1392 980 1451 docet.

417 1498 470 1556 Ius
492 1515 588 1558 novos
612 1495 782 1554 sacerdotes
803 1495 835 1554 in
856 1495 955 1554 locum
977 1495 1201 1554 demortuorum
1224 1505 1254 1556 et
1275 1496 1518 1574 damnatorum3)
1550 1500 1668 1558 creandi

334 1618 427 1677 penes
450 1618 538 1675 quem
560 1599 658 1670 fuerit,
686 1605 767 1657 certo
793 1617 854 1656 non
879 1605 1012 1668 constat;
1041 1598 1166 1658 eundem
1195 1607 1293 1658 autem
1319 1599 1413 1660 fuisse
1439 1619 1553 1670 morem
1583 1597 1671 1678 atque

267 1757 272 1767 ,
336 1722 401 1762 eum
430 1702 481 1778 qui
508 1703 540 1760 in
566 1709 707 1777 quattuor
732 1701 926 1776 amplissimis
955 1719 1031 1776 quae
1054 1701 1237 1760 vocabantur
1265 1702 1452 1776 sacerdotiis,
1480 1703 1670 1780 pontificibus

335 1805 495 1882 auguribus
512 1804 754 1880 quindecimviris
777 1803 872 1862 sacris
892 1803 1040 1862 faciundis
1056 1805 1246 1879 septemviris
1262 1805 1433 1882 epulonum,
1455 1807 1671 1882 imperatorum

334 1915 432 1970 aetate
454 1915 594 1982 receptus
615 1907 682 1978 fuit,
704 1913 737 1966 ut
759 1905 930 1965 sacerdotes
946 1914 1061 1963 crearet
1084 1914 1206 1966 senatus
1227 1907 1341 1965 ratione
1355 1908 1460 1967 habita
1475 1926 1581 1966 eorum
1594 1926 1669 1984 quos

334 2009 450 2070 Caesar
477 2010 730 2082 commendasset,
756 2009 814 2066 hac
841 2007 1032 2083 potissimum
1061 2028 1100 2067 ex
1128 2027 1218 2068 causa
1243 2011 1306 2070 veri
1333 2011 1430 2070 simile
1455 2013 1503 2082 fit,
1532 2011 1616 2087 quod
1641 2011 1672 2069 in

334 2113 422 2173 fastis
445 2131 537 2190 supra
551 2111 790 2172 commemoratis
812 2111 1018 2188 cooptationes
1041 2129 1133 2186 supra
1147 2131 1302 2170 numerum
1325 2131 1365 2171 ex
1387 2123 1511 2173 senatus
1533 2113 1671 2172 consulto

334 2216 422 2290 fiunt3
450 2235 548 2293 neque
576 2214 732 2292 probabile
759 2222 805 2272 est
832 2223 969 2272 senatum
996 2214 1031 2271 de
1059 2213 1214 2272 sodalibus
1240 2221 1328 2273 extra
1354 2235 1510 2275 numerum
1532 2215 1671 2276 creandis

336 2320 495 2396 quicquam
522 2317 688 2380 decrevisse
716 2317 741 2376 si
769 2335 847 2393 quae
874 2335 913 2375 ex
939 2316 1043 2374 ordine
1075 2311 1187 2376 fiebant
1214 2317 1407 2381 suffectiones
1435 2319 1513 2380 nihil
1538 2319 1580 2381 ad
1607 2339 1672 2378 eum

334 2419 568 2500 pertinebant4).

421 2523 547 2586 Summa
567 2523 663 2582 fuisse
683 2523 828 2599 dignitate
851 2522 971 2580 sodales
986 2523 1171 2598 Augustales
1195 2533 1283 2586 etex
1306 2524 1349 2582 eis
1372 2543 1448 2601 quae
1471 2541 1566 2600 supra
1589 2525 1671 2582 attuli

338 2636 464 2705 apparet
490 2639 519 2685 et
544 2647 583 2684 ex
609 2644 644 2684 eo
671 2624 751 2700 quod
781 2644 842 2682 una
869 2645 936 2683 cum
964 2633 1106 2700 quattuor
1133 2644 1209 2702 quae
1243 2626 1382 2685 sollemni
1409 2626 1528 2687 dicendi
1556 2627 1672 2685 ratione

337 2729 526 2807 amplissima
547 2730 732 2787 vocabantur
758 2727 892 2804 collegiis
916 2747 1040 2786 munera
1062 2729 1207 2803 quaedam
1230 2747 1282 2788 eos
1307 2729 1437 2789 edidisse
1460 2728 1623 2806 Tacitus5)
1645 2738 1674 2787 et

338 2831 431 2908 Dici)
455 2839 591 2904 narrant3
620 2831 673 2889 sed
699 2849 760 2888 non
786 2831 828 2888 ita
850 2847 917 2888 esse
945 2839 1090 2906 aequatos
1114 2838 1255 2905 quattuor
1276 2831 1337 2890 illis
1361 2832 1536 2890 sacerdotiis
1561 2833 1672 2889 utiam

338 2935 451 2994 nullum
475 2933 634 2992 discrimen
655 2933 815 2992 interesset
836 2951 932 3008 neque
954 2952 993 2990 ex
1008 2940 1151 3008 quattuor
1173 2934 1369 3010 amplissimis
1393 2934 1572 2993 sacerdotiis
1590 2934 1674 3010 quin·

339 3058 397 3115 que
420 3055 484 3096 esse
506 3037 595 3107 facta,
617 3037 673 3094 hac
696 3055 787 3092 exre
809 3035 1006 3094 demonstrari
1028 3053 1118 3112 posse
1139 3047 1226 3112 puto:
1256 3056 1323 3094 cum
1351 3044 1395 3094 tot
1421 3037 1576 3113 supersint
1598 3035 1674 3094 tituli

338 3141 445 3217 quibus
467 3139 622 3198 hominum
644 3139 697 3214 qui
718 3139 853 3196 florentis
876 3137 993 3216 imperii
1015 3145 1147 3215 tempore
1171 3139 1308 3198 vixerunt
1329 3140 1459 3198 honores
1480 3145 1510 3197 et
1533 3138 1674 3198 sacerdo-

338 3244 381 3301 tia
407 3249 625 3313 enumerentur,
652 3258 801 3317 nusquam
827 3240 906 3298 idem
929 3241 1019 3299 homo
1042 3236 1164 3300 duobus
1186 3261 1225 3300 ex
1250 3242 1312 3301 illis
1334 3249 1474 3317 quattuor
1495 3240 1672 3301 sacerdotiis

338 3345 492 3424 praeditus
524 3361 591 3408 esse
623 3341 823 3419 invenitur⁷);
858 3343 972 3402 scilicet
1004 3361 1095 3419 supra
1125 3345 1273 3422 privatum
1307 3344 1415 3404 extolli
1444 3343 1606 3404 videbatur
1637 3342 1674 3402 ad

258 3593 261 3596 -
339 3559 524 3622 imperatorum
547 3565 630 3610 aetate
654 3575 755 3625 semper
776 3557 893 3623 plebeios
917 3559 1036 3610 homines
1059 3560 1138 3610 fuisse
1164 3561 1350 3612 demonstravit
1373 3561 1552 3611 Mommsenus
1574 3557 1672 3610 Stante·

340 3648 411 3701 vecdt
430 3651 522 3712 1‚457
542 3652 583 3700 ed.
605 3653 619 3700 1
642 3651 686 3713 (=
703 3655 727 3714 1,
743 3652 795 3702 537
816 3652 857 3702 ed.
879 3651 914 3714 2).
936 3654 959 3712 2,
975 3653 1038 3703 452.

418 3742 441 3806 1)
479 3745 626 3794 Mommsen
646 3743 715 3794 svm.
735 3741 917 3810 Forscduupeu
938 3747 961 3804 1,
978 3744 1021 3794 st.

416 3833 440 3898 π)
480 3835 521 3886 Of.
540 3837 609 3886 infra
628 3837 730 3887 sodales
749 3839 906 3902 Augustales
926 3837 1074 3888 Claudiales
1093 3854 1119 3888 η.
1131 3839 1157 3888 4.

418 3926 442 3991 ³)
480 3929 513 3979 In
537 3929 717 3978 damnatorum
742 3945 843 3995 quoque
868 3931 954 3980 locum
979 3930 1142 3980 suffectiones
1166 3931 1247 3980 factas
1272 3945 1327 3980 esse
1353 3945 1384 3980 ea
1407 3945 1439 3981 ex
1464 3946 1492 3980 re
1508 3933 1674 3996 cognoscitur

342 4021 411 4086 quod
430 4021 584 4072 Plutarchus
604 4038 628 4086 q.
641 4021 717 4073 Rom.
732 4024 765 4072 99
787 4029 812 4070 et
831 4023 931 4072 Plinius
951 4038 991 4088 ep.
1007 4023 1033 4086 4,
1050 4024 1104 4084 8,1
1126 4023 1208 4072 solum
1229 4029 1380 4087 auguratum
1399 4038 1453 4072 non
1471 4024 1575 4074 licuisse
1595 4023 1673 4073 adimi

341 4114 438 4164 viventi
455 4121 570 4164 narrant.
609 4113 650 4165 Cf.
664 4115 733 4164 Plin.
748 4129 787 4180 ep.
804 4117 828 4177 2,
845 4117 888 4178 11,
905 4117 951 4166 121
971 4113 1043 4166 modo
1063 4115 1213 4177 consularis,
1233 4113 1305 4166 modo
1320 4115 1451 4182 septemvir
1464 4115 1605 4182 epulosum,
1625 4117 1674 4165 ium

341 4211 460 4257 neutrum.

417 4295 445 4362 i)
484 4298 525 4350 (ii.
544 4299 690 4350 Mommsen
710 4297 869 4350 Stuatsrecltt
888 4303 912 4363 2,
928 4301 998 4351 1022
1017 4317 1045 4352 n.
1059 4304 1084 4350 1.

419 4387 443 4452 ⁵)
481 4392 552 4440 Ann.
568 4393 593 4453 3,
610 4391 656 4442 64:
677 4391 805 4458 supplicia
823 4392 864 4442 dis
883 4393 984 4460 ludique
1002 4393 1089 4460 mopsi
1107 4391 1139 4443 ab
1159 4400 1247 4444 senatu
1265 4394 1438 4456 decernuntur,
1463 4409 1528 4460 quos
1540 4393 1674 4462 pontifices

342 4488 366 4532 et
386 4498 493 4550 augures
512 4490 535 4532 et
554 4483 745 4550 quindecimviri
763 4487 920 4562 septemviris
938 4486 1012 4536 unul
1030 4493 1053 4536 et
1072 4484 1203 4536 sodalibus
1223 4485 1407 4553 Augustalibus
1425 4485 1532 4538 ederent.

419 4573 445 4640 ⁶)
484 4576 528 4638 58,
544 4579 592 4626 12:
614 4571 765 4644 ἐψηφίσαντο
781 4612 787 4624 .
805 4612 811 4625 .
828 4613 834 4624 .
852 4612 858 4625 .
873 4566 915 4642 τήν
934 4571 1027 4647 η’μέρνιν
1047 4575 1070 4628 ἐν
1089 4566 1266 4651 perstitisse
1286 4579 1414 4642 (Seianus)
1436 4576 1478 4628 nst
1498 4571 1575 4627 ἵππων
1596 4573 1672 4646 ἀγῶσι

342 4662 384 4718 καὶ
404 4662 500 4736 θηρίων
514 4671 623 4736 σφαγαῖς
637 4664 747 4733 ἐτησίοις
761 4659 803 4720 tui
815 4687 841 4720 τε
859 4669 906 4721 τῶν
926 4669 949 4728 ἐς
962 4660 1007 4729 scir
1019 4667 1146 4740 τέσσαρας
1161 4659 1293 4740 ἱερωσύνας
1311 4661 1444 4724 τελούντων
1457 4662 1500 4720 καὶ
1513 4659 1557 4719 tri
1569 4668 1615 4720 riis
1627 4664 1669 4718 emi

342 4749 490 4828 Αὐγούστου
503 4759 636 4812 &incuruis
649 4750 825 4830 ἀγάλλεσθαι.

420 4849 446 4916 ⁷)
483 4854 593 4904 Liberae
611 4856 780 4920 reipublicae
800 4857 957 4922 temporibus
972 4857 1081 4908 duorum
1094 4859 1312 4923 amplissimorum
1331 4858 1533 4922 sacerdotiorum
1551 4857 1670 4906 coniunc-

344 4952 429 4994 torum
448 4947 548 5011 aliquot
565 4949 685 5013 exempla
707 4949 819 4998 inveniri
837 4941 924 5000 doduit
943 4949 972 5000 Ο.
992 4951 1076 5001 Bardt
1094 4949 1134 5000 die
1153 4949 1267 5001 Priester
1286 4949 1332 5000 der
1349 4951 1405 5000 viee
1423 4965 1527 5016 pressea
1547 4945 1672 5014 Goliepieu

344 5055 370 5102 p.
385 5037 428 5086 38.
466 5038 538 5088 Inter
562 5039 693 5090 inferioris
718 5042 809 5092 aetatis
832 5041 920 5092 titulos
945 5043 990 5108 qni
1013 5043 1064 5092 duo
1085 5057 1118 5092 ex
1136 5043 1188 5093 illis
1208 5043 1359 5094 sacerdotiis
1378 5043 1514 5093 coniuncta
1532 5041 1671 5106 praebeant

342 5130 530 5181 vetustissimus
554 5147 609 5182 esse
628 5133 729 5184 videtur
752 5135 839 5184 titulus
858 5134 979 5200 Aquinas
999 5135 1030 5186 0.
1049 5116 1150 5186 Octavii
1170 5135 1270 5198 Sabini,
1295 5135 1408 5186 consulis
1427 5133 1550 5184 ordinarii
1571 5148 1595 5184 a.
1611 5133 1669 5190 214,

345 5221 474 5285 pontificis
493 5229 519 5273 et
537 5226 640 5290 auguris
660 5224 729 5291 (eph.
749 5241 789 5290 ep.
811 5229 834 5288 1,
855 5227 976 5293 p.130);
1003 5242 1053 5293 quo
1079 5228 1108 5276 in
1126 5229 1201 5278 titulo
1221 5229 1299 5278 etiam
1317 5229 1367 5278 hoc
1386 5243 1403 5278 a
1421 5227 1538 5278 sollemni
1555 5226 1614 5290 lege
1631 5235 1668 5272 re·

346 5313 436 5365 cedere
463 5315 533 5381 quod
560 5318 705 5368 sacerdotia
733 5319 785 5369 duo
813 5320 906 5386 copula
927 5327 951 5370 et
978 5321 1164 5386 coniungantur
1193 5309 1379 5386 (PONT1F·ET
1394 5307 1542 5384 ·AVGVR1)
1571 5315 1669 5370 monuit

345 5405 522 5460 Mommsenus
541 5407 599 5472 eph.
616 5423 655 5474 ep.
673 5407 691 5458 l.
711 5409 729 5459 1.
