3632 6040
453 591 505 640 nn
532 589 672 642 russos
700 589 943 642 cousvnnnns
970 589 1229 644 6161611666.
1458 573 1502 644 13

255 764 324 822 756.
349 763 386 821 L.
404 763 505 823 Aelius
521 763 559 822 L.
569 765 597 839 s.
614 762 651 823 L.
667 783 694 822 a.
712 763 835 822 Lanam
855 764 893 822 L.
910 763 1044 822 Lamiam
1066 764 1168 824 dicunt
1189 765 1260 824 fasti
1280 763 1393 825 Gabini
1416 765 1504 842 (1.6.)

167 877 198 924 61
217 866 347 924 fratrum
368 867 536 926 Arvalium.
580 865 628 924 De
650 870 713 924 vita
735 867 800 925 sius
823 866 860 924 61.
883 877 938 926 661.
956 867 1047 941 sratr.
1064 864 1136 926 Ara.
1159 887 1188 944 p.
1207 867 1274 926 174.
1299 867 1373 943 [Avi
1395 885 1504 928 nomen

168 978 258 1028 antea
279 968 415 1044 latebat].
432 966 623 1048 -Collega,
647 969 732 1028 cuius
754 971 786 1028 in
808 968 895 1028 fastis
916 969 963 1028 his
980 988 1040 1028 non
1055 975 1209 1028 remanent
1223 969 1281 1028 nisi
1294 969 1338 1028 M.
1351 969 1503 1042 Servilius,

167 1081 199 1129 61
225 1072 257 1129 in
284 1071 371 1130 fastis
400 1068 527 1130 Gabinis
562 1081 592 1130 et
623 1071 654 1130 in
681 1071 768 1130 lastis
797 1070 955 1130 Arvalium
988 1078 1018 1130 et
1043 1073 1074 1130 in
1102 1081 1218 1132 tessera
1244 1090 1321 1148 quae
1348 1080 1395 1132 est
1423 1073 1504 1150 apud

169 1171 369 1233 Garruccium
393 1173 586 1248 (dissertant
612 1192 640 1249 p.
659 1173 712 1250 56)
735 1174 805 1232 item
829 1173 936 1232 dicitur
959 1173 999 1232 M.
1024 1173 1182 1234 Servilius:
1205 1172 1364 1234 Nonianus
1387 1175 1505 1234 videtur

168 1277 319 1334 nominari
346 1277 377 1333 in
406 1275 493 1334 fastis
516 1275 664 1352 Hispanis
693 1275 745 1351 (61.
772 1277 801 1336 C.
823 1277 849 1334 I.
870 1276 907 1333 L.
930 1277 942 1333 1
968 1295 996 1352 p.
1017 1275 1102 1352 548).
1145 1275 1221 1336 Dixi
1250 1277 1286 1336 de
1314 1295 1348 1336 eo
1375 1278 1406 1336 in
1429 1279 1504 1337 actis

167 1379 206 1436 fr.
221 1379 296 1436 Arv.
311 1399 340 1456 p.
361 1378 428 1438 198.
446 1411 483 1420 -
501 1377 621 1452 Suffecti
635 1377 672 1436 P.
690 1376 784 1436 Silius
800 1379 833 1436 P.
842 1381 869 1454 f.
887 1378 921 1436 P.
937 1399 982 1449 6.,
1005 1376 1043 1435 L.
1059 1379 1191 1437 Volusius
1206 1378 1245 1438 L.
1254 1381 1282 1456 s.
1304 1379 1504 1451 666661·-

166 1484 263 1540 aiaas.
280 1479 558 1539 commemorantur
573 1480 604 1538 in
620 1480 707 1540 lastis
724 1479 851 1540 Gabinis
867 1481 1095 1557 Amuliumque,
1118 1481 1155 1538 de
1174 1481 1272 1558 iisque
1293 1482 1330 1540 61.
1347 1491 1402 1541 661.
1410 1484 1502 1558 fratr.

169 1583 242 1641 Ara.
265 1603 294 1660 p.
314 1581 372 1640 198
388 1592 418 1641 61
434 1579 504 1642 101.
548 1582 597 1658 [Ρ.
614 1579 707 1642 Silius
722 1583 757 1640 P.
774 1582 794 1641 f.
810 1583 846 1640 P.
862 1602 891 1641 n.
907 1601 967 1642 cos.
985 1582 1043 1643 756
1065 1583 1146 1641 filius
1166 1583 1224 1641 1611
1246 1585 1378 1643 consulis
1402 1603 1429 1642 a.
1443 1584 1504 1643 734

168 1685 205 1743 Ρ.
223 1682 291 1744 Silii
312 1685 349 1743 P.
371 1685 403 1758 f.,
426 1695 513 1762 pater
534 1685 666 1744 consulis
688 1704 714 1742 6.
733 1684 792 1744 766
817 1682 851 1744 C.
873 1681 939 1744 Silii
962 1684 997 1743 P.
1013 1684 1032 1742 f.
1049 1685 1085 1743 P.
1101 1705 1130 1744 n.
1147 1718 1185 1728 --
1201 1684 1237 1745 L.
1254 1685 1400 1746 Volusius
1422 1686 1461 1746 L.
1482 1687 1502 1746 1.

168 1785 206 1861 Q.
230 1808 259 1846 n.
284 1785 463 1848 Saturninus
486 1787 643 1846 1111661611
665 1787 800 1846 consulis
822 1785 926 1845 6741
948 1785 983 1844 L.
1007 1787 1126 1845 Volusii
1150 1785 1187 1860 Q.
1210 1788 1230 1846 f.
1255 1786 1435 1866 Saturnini].

254 1890 324 1948 757.
348 1889 406 1950 Sca
428 1888 529 1948 Aelius
557 1890 590 1960 Q.
605 1891 632 1964 f.
654 1889 691 1947 L.
707 1907 735 1947 a.
756 1891 861 1959 Catas;
886 1890 916 1949 C.
934 1888 1048 1948 Sentias
1073 1890 1103 1949 C.
1112 1892 1141 1964 s.
1159 1887 1192 1949 C.
1208 1910 1234 1948 a.
1253 1889 1445 1950 Saturninus.-
1465 1892 1502 1950 61.

170 1991 224 2050 Or.
249 1992 318 2050 643.
362 1992 496 2051 Nomina
517 1992 647 2050 breviter
668 1992 839 2051 indicantur
860 1993 891 2050 in
912 1991 999 2050 fastis
1020 1989 1148 2051 Gabinis
1171 2000 1201 2050 et
1222 1991 1308 2050 fastis
1331 1993 1503 2064 Arvalium

167 2094 205 2152 de
222 2092 385 2155 Saturnino
405 2096 443 2152 61.
460 2104 515 2153 661.
526 2097 619 2168 fratr.
637 2094 708 2152 Ara.
732 2113 761 2170 p.
781 2093 850 2153 197.
894 2092 977 2169 [Cati
999 2112 1072 2152 avus
1094 2094 1226 2152 nondum
1247 2095 1428 2154 innotuerat.
1446 2093 1502 2154 Sa-

167 2197 281 2255 turnini
308 2205 394 2272 pater
420 2185 477 2255 fuit
504 2195 537 2256 C.
562 2194 683 2256 Sentius
706 2194 740 2255 C.
763 2197 785 2256 1.
807 2193 989 2256 Saturninus
1016 2214 1077 2255 cos.
1101 2215 1128 2254 a.
1146 2196 1228 2272 735].
1250 2230 1290 2240 -
1309 2195 1427 2272 Suffecti
1451 2197 1501 2256 Ca.

168 2296 284 2357 Sentias
311 2295 343 2358 C.
361 2301 390 2373 s.
417 2297 449 2358 C.
472 2319 500 2358 a.
525 2297 715 2368 Saturninus,
745 2297 774 2358 C.
802 2298 918 2358 Clodios
951 2297 983 2357 C.
1004 2301 1032 2375 s.
1063 2299 1093 2358 C.
1120 2318 1149 2356 11.
1173 2298 1295 2358 Licinus
1323 2317 1502 2357 commemo-

167 2411 272 2460 rantur
298 2402 331 2459 in
358 2401 456 2460 fastis·
474 2400 603 2460 Gabinis
626 2401 672 2476 (C.
698 2400 830 2471 Clodius,
862 2401 911 2459 Ca.
936 2399 1064 2475 Sentias)
1094 2410 1124 2460 et
1150 2401 1238 2460 fastis
1266 2401 1424 2460 Arvalium
1451 2399 1500 2475 (C.

170 2504 290 2563 Clodius
306 2503 418 2574 Lisia,
443 2505 493 2563 Ca.
511 2502 659 2579 8661166),·
679 2503 716 2560 61.
739 2512 794 2562 661.
811 2505 903 2578 fratr.
921 2503 991 2560 Ara.
1015 2524 1044 2580 p.
1064 2502 1122 2562 181
1145 2513 1175 2561 61
1199 2502 1266 2562 198.
1289 2503 1502 2562 Terminarunt

166 2607 265 2664 locum
287 2606 438 2683 publicum
466 2606 503 2663 ab
529 2605 648 2680 privato
672 2605 703 2663 C.
726 2606 753 2662 I.
776 2604 814 2663 L.
839 2605 867 2677 6,
893 2603 981 2662 1163.
1014 2604 1103 2664 1164.
1148 2605 1250 2680 [Prior
1271 2605 1365 2664 frater
1386 2606 1444 2664 11111
1465 2603 1500 2665 C.

167 2706 262 2768 Sentii
285 2708 373 2766 modo
396 2707 562 2767 memorati.
605 2707 703 2765 Licini
726 2707 822 2766 adhuc
845 2708 1058 2784 ignorabamus
1080 2708 1232 2784 maiores}

252 2811 321 2870 758.
355 2810 431 2868 Inde
461 2810 498 2867 ab
521 2811 578 2867 hoo
600 2829 679 2868 anno
702 2810 731 2867 in
756 2810 923 2887 fragmento
946 2818 1050 2868 nostro
1077 2810 1238 2869 adnotatur
1263 2810 1421 2869 tribunicia
1446 2827 1500 2885 po·

166 2920 260 2971 testas
283 2912 397 2972 Tiberii
420 2912 570 2983 Caesaris,
594 2931 671 2988 quae
694 2931 757 2970 oum
781 2931 860 2970 anno
884 2913 942 2972 748
966 2913 1093 2990 primum
1115 2914 1142 2971 ei
1165 2913 1236 2972 data
1257 2922 1337 2971 esset
1359 2914 1390 2970 in
1413 2913 1499 2988 quin-

133 3056 142 3074 .
167 3016 330 3092 qnennium
358 3034 414 3074 neo
439 3022 634 3072 renovaretur
656 3015 714 3073 nisi
737 3033 815 3072 anno
837 3035 867 3091 p.
884 3013 954 3074 (1.4
977 3015 1051 3091 (Dio
1075 3016 1180 3086 55,13
1204 3016 1242 3074 61.
1266 3016 1431 3074 Mommsen
1453 3032 1499 3071 res

163 3127 261 3193 pastae
282 3118 356 3176 Divi
377 3117 503 3194 Aaqasti
524 3136 553 3193 p.
572 3117 624 3186 17;
649 3115 862 3176 8166166111
885 3138 914 3195 p.
932 3118 1002 3177 754.
1028 3118 1133 3193 1057),
1156 3119 1243 3176 annis
1264 3138 1294 3196 p.
1311 3115 1345 3177 (l.
1365 3118 1444 3175 1-4
1467 3116 1498 3174 in

165 3221 260 3279 fastos
283 3220 389 3278 referri
416 3238 476 3276 non
503 3227 630 3296 poterat.
653 3253 694 3261 -
715 3219 753 3278 L.
782 3220 916 3279 Valerios
939 3209 1027 3279 Potia
1041 3223 1069 3297 s.
1094 3221 1136 3279 M.
1157 3241 1184 3278 a.
1208 3220 1352 3279 Messalla
1380 3219 1497 3279 Volesus

166 3323 304 3380 omnibus
333 3321 504 3381 nominibus
533 3322 688 3398 hucusque
714 3341 773 3380 non
796 3323 1006 3381 nominabatur
1033 3323 1092 3380 nisi
1118 3323 1150 3381 in
1172 3322 1269 3381 iudice
1294 3322 1364 3382 libri
1387 3321 1497 3380 Dionis

166 3426 220 3484 55:
243 3425 282 3482 61.
298 3425 503 3500 Waddington
518 3425 613 3498 sastes
635 3443 662 3500 p.
684 3425 758 3496 108,
780 3425 832 3502 qui
855 3425 1064 3500 proconsulem
1080 3425 1175 3484 Asiae
1198 3444 1265 3484 eum
1288 3433 1390 3483 censet
1404 3424 1498 3482 fuisse

165 3545 243 3585 anno
269 3547 298 3604 p.
324 3525 358 3585 C.
385 3529 418 3584 ll
448 3535 501 3584 aut
525 3525 562 3584 11
586 3525 717 3601 (Seneca
744 3528 778 3584 de
804 3531 852 3584 ira
880 3526 958 3600 1,5;
988 3527 1062 3586 Τ66.
1087 3547 1153 3586 666.
1178 3527 1206 3599 3,
1231 3527 1294 3602 68).
1337 3524 1407 3585 Una
1428 3545 1497 3584 cum

165 3629 281 3704 collega
300 3635 550 3687 commemoratur
567 3629 598 3688 C.
613 3630 641 3687 I.
657 3629 695 3688 L.
712 3629 741 3699 6,
758 3629 817 3688 851
840 3641 868 3689 61
883 3628 970 3689 Grut.
987 3631 1058 3702 883,
1077 3631 1113 3688 15
1131 3630 1171 3705 (Ι.
1187 3629 1225 3687 N.
1244 3629 1349 3704 6814).
1393 3628 1497 3704 [Ρ6161

163 3731 347 3806 1611661661
370 3741 421 3789 aut
448 3732 488 3788 M.
512 3731 653 3790 Valerius
681 3750 741 3790 cos.
766 3751 792 3790 a.
817 3731 876 3790 711
905 3741 957 3790 661
978 3731 1121 3791 Valerius
1144 3731 1261 3790 Potitus
1288 3749 1351 3791 cos.
1374 3749 1401 3787 a.
1426 3728 1496 3802 715,

163 3833 224 3891 nisi
246 3833 335 3891 iidem
359 3843 429 3892 sunt
450 3853 550 3892 errore
578 3835 609 3892 in
632 3834 727 3892 altero
756 3842 822 3892 utro
849 3853 927 3893 anno
950 3834 1134 3910 commisso}
1152 3865 1190 3875 —
1210 3834 1259 3892 Ca.
1286 3830 1435 3890 Cornelias
1457 3832 1495 3890 L.

156 3937 185 4008 s.
209 3935 316 4010 1116661
337 3935 455 4012 Pompei
475 3956 503 3994 a.
528 3936 620 3994 Cinna
643 3935 816 4012 Ma9(aas)t
839 3935 947 3994 dicitur
969 3956 987 3993 a
1010 3937 1109 3995 Dione
1132 3937 1196 4010 (55,
1221 3935 1273 4010 14)
1300 3936 1399 3994 Γναῖος
1425 3938 1495 4014 Κορ-

163 4027 254 4107 νήλιος
280 4031 480 4121 θυγατριδοῦς
507 4039 560 4094 τοῦ
585 4027 728 4111 1116661166
758 4027 913 4106 Mersouion.
967 4037 1015 4096 De
1037 4059 1073 4097 eo
1095 4039 1133 4096 cf.
1157 4037 1316 4096 Drumann
1339 4035 1356 4093 1
1380 4055 1408 4112 p.
1425 4034 1496 4094 591.

163 4137 319 4214 [Notabile
346 4147 393 4198 est
419 4139 450 4197 in
471 4139 546 4214 ipsis
573 4139 701 4215 publicis
729 4140 816 4199 fastis
844 4159 931 4198 avum
961 4147 1128 4199 maternum
1157 4147 1496 4216 61666161661161166-

161 4241 251 4317 pari}
267 4275 308 4283 —
324 4239 443 4316 Saffeeti
461 4239 493 4300 C.
513 4243 610 4303 Vibius
631 4241 662 4300 C.
671 4244 700 4316 f.
718 4241 749 4301 C.
765 4262 793 4299 a.
810 4242 965 4313 Postiraas,
989 4243 1018 4302 C.
1038 4242 1139 4301 Ateius
1154 4242 1192 4301 L.
1209 4245 1237 4318 s.
1260 4242 1297 4299 L.
1321 4261 1349 4299 6.
1375 4240 1495 4316 Capito.-

163 4343 200 4400 ef.
219 4343 290 4401 fasti
306 4343 494 4402 Praenestini
513 4345 543 4404 C.
560 4345 585 4402 Ι.
602 4343 640 4400 L.
661 4347 672 4402 l
692 4363 721 4419 p.
735 4345 806 4412 474,
819 4345 911 4416 Xlll;
927 4353 1059 4403 tesserae
1074 4346 1093 4404 l.
1109 4365 1133 4404 6.
1151 4347 1221 4405 750.
1239 4345 1312 4415 751;
1331 4343 1359 4416 6,
1373 4342 1443 4401 813.
1457 4373 1495 4384 -

160 4445 339 4504 Postumum
366 4445 538 4504 Delmatiae
566 4447 770 4523 praepositum
800 4457 975 4506 ornamenta
1002 4447 1194 4523 triumphalia
1220 4447 1366 4505 meruisse
1394 4453 1497 4503 narrat

160 4546 299 4606 Velleius
321 4547 468 4624 (1,116).
514 4547 658 4623 [Maiores
681 4557 769 4607 antea
790 4549 1028 4626 ignorabantur}
1047 4583 1085 4592 -
1111 4548 1217 4627 Capito
1240 4567 1298 4606 avo
1321 4549 1496 4606 centurione

162 4646 297 4723 Sullano,
321 4658 406 4726 patre
428 4652 579 4725 praetorio
604 4650 692 4726 (Tac.
712 4671 778 4709 666.
796 4651 824 4724 3,
842 4652 896 4727 75)
919 4651 1082 4710 coercendo
1098 4651 1212 4709 flumini
1235 4649 1426 4727 praepositus
1449 4656 1496 4705 661

161 4771 188 4809 a.
207 4753 244 4810 15
269 4751 303 4826 (l.
327 4771 352 4810 c.
379 4755 405 4823 1,
422 4753 472 4824 76,
488 4753 526 4812 61.
550 4753 613 4829 79).
658 4753 780 4811 Tiberio
809 4754 986 4813 adversatus
1013 4755 1044 4812 in
1068 4763 1173 4812 senatu
1196 4752 1275 4828 (1.6.
1299 4752 1328 4823 3,
1345 4750 1398 4826 70)
1421 4750 1496 4808 obiit

160 4873 187 4910 6.
205 4852 244 4910 11
269 4853 344 4928 (1.6.
363 4856 390 4928 3,
408 4855 471 4930 75).
517 4855 594 4930 [Iam
618 4855 802 4932 intellegitur
818 4855 996 4932 Capitonem
1017 4857 1096 4914 hunc
1117 4863 1221 4912 notum
1244 4855 1318 4912 iuris
1341 4860 1494 4912 auctorem

161 4955 259 5013 filium
281 4955 374 5015 fuisse
389 4955 425 5015 L.
442 4957 514 5015 Atei
528 4957 564 5015 L.
579 4957 599 5015 f.
615 4959 673 5014 An.
691 4955 849 5034 Capitonis
874 4959 1023 5018 senatoris
1045 4957 1191 5015 nominati
1214 4958 1294 5035 apud
1316 4954 1494 5015 Ciceronem

161 5057 200 5113 ad
222 5057 292 5116 fam.
316 5058 345 5130 8,
369 5059 397 5132 8,
422 5059 449 5118 5.
475 5059 503 5132 6,
526 5078 586 5117 non
609 5059 721 5117 tribuni
743 5060 840 5134 plebis
864 5059 897 5118 Ο.
922 5061 993 5119 Atei
1016 5059 1173 5136 Capitonis
1196 5060 1310 5118 inimici
1334 5057 1461 5134 Crassi].

246 5159 316 5218 759.
340 5155 385 5218 M.
406 5160 546 5220 Aemilius
569 5161 669 5220 Paulli
684 5161 712 5235 f.
729 5160 766 5218 L.
782 5180 811 5220 a.
827 5161 967 5238 Lepidus,
991 5161 1028 5218 L.
1046 5161 1203 5221 Arruntius
1225 5162 1263 5220 L.
1279 5165 1308 5238 s.
1325 5161 1363 5220 L.
1385 5180 1432 5218 a:
1456 5160 1493 5218 cf.

159 5260 233 5318 fasti
262 5257 373 5320 Gabini
403 5275 432 5322 61
459 5262 650 5322 Praenestini
675 5261 704 5322 C.
729 5263 754 5320 I.
780 5261 816 5322 L.
843 5265 855 5321 1
886 5285 914 5342 p.
931 5263 1002 5336 473,
1020 5263 1081 5322 Xll
1107 5275 1136 5323 et
1158 5265 1229 5338 474,
1244 5264 1324 5324 XIII
1358 5280 1492 5339 quaeque
