3596 6040
330 631 403 701 104
761 648 1067 700 Annrrsuun'rvu
1093 648 1176 698 von.
1196 649 1225 698 11

324 841 378 880 nes
400 821 511 880 referre
534 821 573 897 (c.
591 821 643 897 69)
650 843 658 893 ;
686 840 763 898 quse
790 822 938 881 ordinatio
966 831 1018 880 aut
1039 840 1144 898 parum
1170 829 1255 880 caute
1277 821 1388 898 scripta
1410 831 1458 880 est
1479 829 1530 880 aut
1551 823 1582 880 in
1606 842 1660 880 nu·

325 943 407 982 mero
430 932 570 982 erratum.
614 923 694 982 Nam
717 943 785 981 cum
812 923 862 981 lex
891 924 947 982 hoc
969 925 1120 983 decretum
1143 925 1208 982 fieri
1235 924 1334 981 iubeat
1356 933 1425 982 ante
1447 941 1537 999 quam
1560 925 1659 983 decer·

324 1035 414 1084 netur
437 1027 473 1085 de
495 1026 600 1084 diebus
622 1027 709 1084 festis
731 1045 770 1084 ex
793 1045 818 1084 c.
835 1025 885 1098 64,
913 1028 950 1084 de
977 1027 1024 1084 his
1053 1035 1152 1084 autem
1175 1025 1391 1086 decernendum
1415 1026 1454 1083 sit
1479 1027 1559 1084 intra
1579 1026 1659 1084 diem

324 1127 481 1199 decimum,
505 1146 577 1188 sene
599 1129 705 1187 inutile
727 1128 785 1186 fuit
807 1127 926 1186 adicere
940 1129 1024 1203 prius
1040 1129 1190 1187 decretum
1214 1127 1382 1186 faciendum
1398 1145 1465 1186 esse
1486 1128 1566 1186 intra
1580 1128 1660 1186 diem

323 1229 394 1288 LX.
438 1230 507 1289 Hoc
530 1239 596 1288 utut
617 1240 672 1302 est,
695 1232 763 1306 ipsa
785 1247 833 1287 res
856 1230 1026 1288 sinedubio
1049 1230 1451 1307 Romaequoqueobtinuit.
1495 1228 1576 1288 Nam
1601 1250 1661 1290 non

324 1333 421 1391 solum
444 1333 475 1390 in
498 1334 670 1392 universnm
693 1333 840 1392 derebus
869 1333 978 1391 divinis
1005 1333 1202 1409 priusquam
1231 1333 1369 1390 humanis
1393 1333 1431 1390 ed
1454 1341 1591 1390 senatum
1615 1353 1660 1391 re-

323 1434 475 1492 ferebatur
498 1435 610 1510 (Varro
633 1435 713 1512 apud
736 1432 815 1494 Gell.
839 1435 888 1506 14,
909 1435 952 1510 7),
975 1436 1029 1494 sed
1051 1443 1135 1493 erent
1158 1436 1247 1493 etiam
1263 1434 1410 1509 quaedam
1432 1434 1593 1492 sollemnia
1615 1456 1661 1494 re-

323 1537 455 1613 ligionis,
484 1536 521 1595 de
548 1537 654 1613 quibus
676 1546 744 1596 ante
766 1537 867 1596 omnia
893 1556 988 1596 novos
1016 1538 1156 1596 consules
1182 1537 1294 1595 referre
1325 1545 1377 1594 aut
1403 1555 1486 1594 more
1514 1547 1567 1594 aut
1594 1537 1660 1614 lege

324 1639 483 1714 oportebat
505 1637 626 1714 (Cicero
649 1657 716 1696 cum
739 1657 808 1715 pop.
831 1649 907 1716 grat.
930 1640 992 1716 egit
1014 1640 1115 1712 5,11;
1137 1639 1205 1697 Liv.
1222 1639 1251 1711 9,
1268 1637 1296 1708 8,
1322 1640 1348 1695 l.
1366 1639 1415 1709 37,
1441 1640 1467 1710 1,
1487 1641 1518 1709 1;
1541 1638 1660 1698 Becker

323 1741 433 1799 enchir.
458 1739 486 1811 2,
505 1738 572 1798 125.
590 1740 675 1816 422).
718 1741 801 1800 Inter
828 1761 864 1799 ea
890 1741 950 1798 iam
978 1742 1086 1818 opinor
1111 1761 1200 1800 nemo
1228 1739 1377 1799 dubitabit
1397 1741 1541 1817 primaria
1562 1742 1659 1799 luisse

323 1843 443 1902 decreta
470 1842 506 1900 de
532 1843 658 1918 pecunia
686 1851 809 1920 propter
837 1861 883 1901 res
910 1862 1012 1902 sacras
1039 1843 1139 1902 debita
1164 1844 1195 1902 in
1222 1843 1301 1902 huno
1324 1861 1433 1901 annum
1457 1844 1659 1917 attribuenda,

323 1945 438 2003 scilicet
460 1946 496 2002 de
518 1945 645 2021 pecunia
667 1945 767 2003 debita
789 1964 827 2003 ex
849 1945 928 2003 ultro
951 1945 1068 2003 tributis
1091 1946 1138 2016 iis,
1162 1965 1238 2022 quae
1261 1965 1279 2003 a
1300 1945 1476 2004 censoribus
1498 1946 1529 2003 in
1551 1945 1659 2022 primis

321 2046 509 2120 locabantur,
538 2047 573 2104 de
602 2047 724 2104 cibariis
753 2065 893 2105 anserum
917 2046 1058 2124 Capitolii
1086 2057 1117 2105 et
1143 2049 1179 2107 de
1205 2047 1277 2106 Iove
1304 2044 1477 2123 Capitolino
1504 2048 1660 2106 miniando

323 2147 365 2224 (v.
390 2147 573 2208 Staatsrecbt
594 2147 622 2219 2,
640 2148 715 2224 404)
738 2162 768 2207 et
790 2150 817 2208 si
839 2168 899 2225 qua
921 2150 1033 2208 similia
1054 2151 1115 2210 elia
1136 2151 1263 2208 fuerunt.

409 2250 457 2308 12.
500 2250 679 2310 Aedificium
700 2251 731 2308 in
753 2251 863 2329 oppido
890 2251 989 2326 siqui
1012 2252 1128 2312 deicere
1151 2253 1216 2310 vult
1244 2271 1298 2310 nec
1326 2251 1494 2322 restituere,
1521 2251 1659 2310 decurio·

322 2373 391 2412 num
415 2354 533 2412 decreto
557 2353 647 2412 adid
669 2371 745 2430 opus
768 2362 816 2413 est
838 2353 875 2430 (c.
894 2353 956 2429 75).
1001 2354 1049 2414 De
1072 2355 1141 2432 ipsa
1161 2375 1194 2412 re
1215 2353 1293 2412 infra
1315 2353 1490 2412 videbimus.

169 2445 324 2498 D01⁸¹i⁰¹¹⁰
411 2457 457 2514 13.
503 2453 559 2514 Cui
586 2455 736 2532 negotium
763 2455 881 2531 publice
908 2456 944 2514 de
971 2456 1163 2515 decurionum
1198 2456 1344 2515 sententia
1371 2455 1474 2514 datum
1502 2463 1558 2527 est,
1592 2457 1658 2514 eius

182 2530 315 2663 rgfflga
324 2557 469 2616 rationem
493 2557 704 2616 decurionibus
725 2559 851 2616 reddere
872 2558 983 2616 referre
1004 2559 1122 2618 iubetur
1143 2559 1219 2635 legis
1235 2579 1260 2617 c.
1277 2558 1316 2616 80
1338 2559 1370 2616 in
1385 2558 1490 2616 diebus
1506 2555 1558 2616 GL
1573 2566 1658 2634 post-

210 2695 286 2745 ΠΜ
326 2679 415 2737 quam
437 2661 468 2717 id
489 2661 642 2736 negotium
665 2669 717 2718 aut
738 2659 894 2737 perfecerit
916 2669 967 2718 aut
988 2671 1066 2720 certe
1088 2679 1190 2736 gerere
1213 2661 1342 2719 desierit.
1387 2659 1530 2718 Pervenit
1551 2659 1581 2716 id
1605 2660 1658 2717 im-

323 2762 429 2838 primis
446 2762 484 2820 ad
505 2762 631 2838 legatos,
654 2779 729 2838 quos
747 2770 779 2819 ut
793 2769 894 2820 notum
911 2771 958 2820 est
972 2763 1151 2841 legationem
1167 2763 1278 2821 referre
1292 2763 1501 2822 renuntiarere
1517 2762 1659 2821 debuisse

323 2865 365 2940 (v.
388 2864 569 2924 Stoutsrccdt
591 2863 619 2934 2,
636 2862 720 2938 651),
743 2864 786 2921 ita
807 2884 917 2922 novum
940 2875 996 2936 est,
1023 2883 1204 2941 quamquam
1226 2865 1357 2924 fortasse
1379 2874 1409 2922 et
1430 2869 1530 2940 ipsum
1553 2882 1572 2921 a
1593 2863 1669 2954 ¹³⁰¹.

321 2967 419 3025 manis
441 2967 587 3025 institutis
609 2966 786 3038 traductum,
809 2966 841 3023 id
860 2983 912 3024 eos
935 2967 999 3024 iure
1022 2967 1121 3026 facere
1137 2968 1308 3044 oportuisse
1329 2967 1409 3025 intra
1431 2965 1495 3024 dies
1512 2963 1565 3025 CL
1587 2978 1658 3042 post

321 3068 501 3144 legationem
524 3069 649 3126 finitam.
694 3066 754 3128 Sed
780 3069 1073 3145 comprehunduntur
1094 3070 1150 3126 hac
1171 3070 1238 3146 lege
1259 3069 1437 3146 quicumque
1460 3068 1585 3144 aliquod
1608 3088 1657 3127 ne-

321 3171 435 3246 gotium
457 3170 607 3244 publicum
630 3189 669 3228 ex
686 3170 803 3228 decreto
824 3170 1018 3228 decurionum
1041 3181 1247 3248 susceperunt,
1271 3180 1304 3228 ut
1326 3178 1396 3230 sunt
1411 3171 1546 3246 magistri
1570 3170 1656 3229 fano-

321 3291 388 3328 rum
415 3272 503 3330 huius
530 3271 606 3348 legis
634 3291 658 3328 c.
683 3269 854 3330 CXXVIII
881 3273 1013 3348 itemque
1040 3281 1208 3345 curatores,
1234 3273 1337 3348 quales
1364 3280 1435 3330 sunt
1460 3291 1598 3332 annonae
1627 3281 1657 3331 et

227 3399 229 3406 ⁴
321 3391 466 3448 aquarum
499 3373 670 3449 similesque
704 3373 763 3432 alii.
814 3372 893 3432 Nam
921 3394 1009 3433 curae
1043 3376 1080 3433 ab
1113 3375 1288 3447 honoribus,
1321 3374 1428 3450 quibus
1461 3383 1656 3451 opponuntur

321 3473 431 3549 (Orell.
461 3473 566 3551 2532),
590 3495 624 3534 eo
647 3475 766 3534 nomine
787 3477 979 3551 potissimum
1002 3476 1153 3548 differunt,
1175 3476 1256 3552 quod
1277 3495 1338 3534 non
1360 3477 1538 3534 mandentur
1560 3493 1579 3533 a
1600 3495 1655 3553 po-

320 3576 403 3650 pulo,
436 3577 488 3635 sed
517 3577 692 3653 plerumque
721 3579 758 3636 ab
786 3578 891 3636 ordine
922 3578 1126 3650 decernuntur,
1157 3588 1189 3636 ut
1214 3579 1364 3636 invenitur
1394 3577 1474 3654 apud
1503 3577 1654 3635 Iulianum

320 3675 392 3754 Dig.
410 3678 438 3750 3,
459 3679 487 3751 5,
508 3677 546 3737 29
567 3679 633 3755 [30]
660 3690 775 3739 carator
800 3682 840 3738 ad
866 3681 1007 3756 siliginem
1033 3681 1176 3738 emendam
1203 3681 1312 3739 decreto
1340 3681 1450 3738 ordlnis
1477 3683 1653 3738 constitutus.

319 3777 388 3838 Nisi
411 3781 490 3856 quod
518 3781 569 3857 qui
596 3801 699 3839 eorum
725 3783 884 3858 pecuniam
910 3781 1061 3859 publicam
1083 3790 1221 3853 tractant,
1248 3782 1287 3839 iis
1309 3781 1464 3857 probabile
1492 3790 1539 3840 est
1562 3782 1655 3840 ratio·

320 3900 386 3939 nam
413 3881 594 3941 reddendam
620 3883 715 3941 fuisse
743 3902 802 3941 non
823 3877 873 3942 'ex
906 3885 963 3941 hoc
990 3884 1087 3959 capite
1114 3883 1203 3960 legis,
1236 3883 1289 3942 sed
1317 3903 1356 3942 ex
1385 3883 1445 3941 alio
1473 3884 1509 3942 de
1537 3883 1653 3941 ratione

319 3983 471 4042 reddenda
493 3985 530 4042 ab
553 4003 596 4056 eo,
625 3986 662 4042 ad
685 4004 773 4060 quem
799 3985 920 4062 publica
946 3985 1073 4060 pecunie
1099 3986 1211 4063 negotii
1238 3986 1395 4044 cuiusdam
1419 3985 1541 4062 gerendi
1564 4003 1655 4043 causa

319 4086 499 4159 pervenerit,
521 4087 609 4162 quala
632 4095 770 4163 superest
795 4087 826 4145 in
855 4107 924 4146 aere
949 4087 1134 4146 Malaeitano
1164 4089 1203 4162 (c.
1226 4086 1357 4146 LXVII.
1385 4085 1522 4145 LXVIII
1544 4086 1652 4146 collato

320 4204 424 4244 comm.
448 4205 477 4262 p.
493 4187 579 4263 451).

403 4288 453 4346 Ad
475 4289 587 4347 reditus
609 4289 745 4365 publicos
767 4293 980 4368 pecuniamque
1002 4292 1151 4367 publicam
1175 4311 1253 4368 quae
1278 4300 1424 4369 spectant,
1447 4293 1520 4350 haec
1542 4300 1619 4350 sunt.

179 4404 266 4456 Silvae
281 4411 306 4453 et
406 4391 432 4447 1.
476 4391 553 4466 Agri
569 4391 663 4449 silvae
676 4392 811 4452 aedificia
822 4414 846 4452 c.
860 4393 1014 4452 LXXXII
1030 4395 1061 4452 in
1072 4395 1225 4472 publicum
1238 4412 1325 4452 usum
1340 4394 1477 4452 coloniae
1491 4393 1535 4450 ita
1545 4394 1652 4451 dautur

198 4501 294 4551 pascua
321 4491 532 4564 attribuuntur,
557 4503 588 4550 ut
607 4513 642 4552 ea
656 4513 752 4570 neque
769 4495 896 4554 vendere
911 4501 939 4554 ei
960 4496 1050 4554 liceat
1071 4516 1168 4573 neque
1190 4497 1310 4574 longius
1327 4515 1416 4572 quam
1437 4496 1468 4553 in
1485 4495 1651 4570 quinquen·

185 4571 301 4618 coloniae
320 4593 401 4652 nium
417 4594 526 4653 locare.
563 4595 612 4653 De
627 4595 673 4654 his
690 4596 854 4656 Frontinus
871 4597 978 4674 (grem.
995 4618 1023 4674 p.
1043 4598 1112 4674 17):
1133 4600 1167 4657 de
1181 4603 1242 4657 iure
1258 4602 1403 4669 territorii,
1418 4597 1526 4674 inquit,
1542 4605 1651 4654 contro·

183 4667 305 4784 nepptne-
319 4701 413 4754 versia
435 4707 477 4755 cst
497 4699 531 4755 de
553 4698 597 4756 liis
619 4717 693 4774 quac
715 4701 756 4757 ad
775 4703 869 4776 Ipsam
883 4701 978 4757 urbem
1002 4703 1146 4775 pertinent
1168 4700 1218 4775 (ea
1232 4709 1339 4776 postea
1354 4700 1396 4758 ait
1418 4699 1510 4758 solam
1531 4709 1649 4774 uptote,

320 4801 398 4873 qaod
418 4803 447 4856 in
469 4799 585 4857 tutelam
606 4803 649 4857 rei
662 4802 755 4874 suerit
777 4803 960 4877 adsipnatum
981 4803 1123 4878 urbanae)
1146 4805 1204 4860 stoc
1226 4805 1297 4878 quid
1317 4806 1394 4860 intra
1412 4804 1571 4876 pomerium
1593 4805 1650 4858 eius

317 4900 396 4957 urbis
419 4903 472 4958 erit
494 4903 572 4976 quod
596 4921 615 4958 a
636 4905 762 4977 privatis
786 4904 916 4979 operibus
943 4903 1062 4962 obtineri
1086 4924 1143 4962 nort
1170 4913 1298 4980 oporteat
1326 4904 1397 4978 (vel,
1420 4913 1453 4960 ut
1474 4910 1580 4979 postea
1601 4902 1650 4959 de-

317 5000 392 5071 linit,
415 5001 555 5060 urbanum
577 5004 668 5061 solum
690 5005 767 5079 quod
788 5005 919 5080 operibus
939 5005 1065 5079 publicis
1082 5007 1178 5064 datum
1193 5007 1287 5081 faerit
1305 5015 1354 5063 aut
1376 5005 1568 5080 destinatum),
1592 5022 1650 5061 eum

318 5103 380 5160 dico
404 5103 509 5175 locum,
537 5105 635 5182 pergit
656 5114 773 5178 auctor,
800 5126 880 5182 quem
908 5125 958 5165 nec
984 5109 1053 5165 ordo
1080 5107 1160 5164 nullo
1187 5111 1250 5166 iure
1275 5127 1294 5165 a
1321 5106 1429 5182 populo
1448 5109 1555 5180 poterit
1574 5123 1649 5162 amo·

317 5223 390 5286 uere.
435 5203 553 5265 Similia
585 5207 674 5265 habet
696 5207 834 5283 Hyginus
867 5208 903 5265 de
935 5207 997 5267 lim.
1032 5227 1060 5284 p.
1086 5207 1155 5281 127,
1177 5208 1216 5266 20
1235 5226 1298 5284 seq.
1347 5207 1418 5265 Alio
1452 5216 1552 5266 autem
1584 5206 1648 5263 loco

319 5304 361 5380 (p.
379 5306 429 5376 54,
448 5307 483 5364 17
497 5308 572 5383 seq.)
596 5309 675 5383 quod
698 5308 854 5386 distinguit
876 5308 1039 5370 Frontinus
1062 5311 1139 5368 inter
1161 5312 1250 5368 stlcos
1273 5320 1298 5368 et
1316 5328 1429 5386 pascua
1446 5308 1567 5386 publica
1590 5309 1648 5365 Au·
