3620 6050
334 497 403 569 188
927 507 1074 568 starum

326 691 544 769 proc(aratore)
571 690 749 750 metallorum
775 695 909 750 immanes
937 691 1181 768 ess[eplacet]1).
1225 690 1286 750 Ubi
1313 693 1394 750 enim
1416 691 1589 752 immunitas
1611 697 1659 753 tri·

331 794 442 865 buitur,
465 794 507 852 ibi
529 813 653 853 munera
674 793 784 852 fuerint
806 811 928 852 necesse
951 803 999 852 est
1021 803 1051 851 et
1073 796 1123 871 qui
1145 815 1178 852 re
1199 795 1365 870 municipes
1388 803 1500 867 essent,
1521 796 1591 854 licet
1612 816 1661 854 vo-

332 897 439 955 cabulo
460 915 497 954 ec
518 916 578 955 non
600 904 727 954 utentes.
772 896 910 954 Imitatur
932 897 1053 955 omnino
1075 897 1132 954 hoc
1154 897 1218 954 ludi
1240 899 1453 976 magistrorum
1475 899 1662 976 privilegium

331 1000 549 1058 immunitatem
582 999 613 1057 in
634 1019 666 1056 re
689 998 809 1074 publica
830 999 1032 1078 grammaticis
1062 1017 1246 1073 concessam,
1277 1019 1338 1077 qua
1366 1001 1403 1059 de
1432 1021 1465 1059 re
1493 1005 1565 1060 satis
1594 1010 1663 1060 nota

333 1101 461 1160 conferri
497 1110 625 1176 possunt
658 1102 832 1159 constitutio
869 1101 917 1159 Pii
954 1099 1039 1178 (Dig.
1056 1101 1125 1173 -27,
1157 1105 1189 1174 1,
1219 1102 1252 1174 6,
1284 1101 1316 1178 2)
1354 1121 1489 1180 quaeque
1525 1104 1663 1180 exposuit

332 1203 475 1276 Kubnius
498 1202 599 1278 (atddt.
621 1203 695 1278 Vers.
715 1205 741 1274 l,
758 1203 795 1262 83
810 1202 898 1280 seq.).
933 1204 1040 1280 Itaque
1061 1205 1190 1282 exempli
1215 1206 1299 1266 66661
1320 1206 1435 1264 viarum
1462 1205 1664 1264 faciendarum

334 1315 364 1364 et
389 1305 615 1365 reficiendarum
642 1324 750 1364 munus
778 1307 816 1364 iis
843 1307 893 1384 qui
919 1307 999 1364 intra
1024 1307 1099 1365 fines
1127 1309 1239 1366 metalli
1268 1307 1461 1385 Vipascensis
1489 1309 1665 1366 habitabant

335 1408 472 1466 similiter
496 1407 639 1466 indictum
665 1415 712 1466 est
737 1417 826 1485 atque
847 1409 1034 1468 indicebatur
1056 1409 1172 1468 civibus
1199 1411 1243 1468 rei
1265 1411 1403 1486 publicae
1425 1410 1665 1486 qualiscumque3

333 1511 519 1570 indicebatur
546 1519 645 1568 autem
673 1519 704 1568 ut
730 1511 777 1568 his
800 1530 819 1568 a
840 1511 1064 1588 magistratibus
1092 1513 1166 1584 6616,
1193 1513 1236 1570 116
1262 1513 1322 1570 11116
1352 1522 1587 1590 aproouretore
1609 1532 1664 1570 me·

335 1613 485 1685 tallorum,
507 1631 594 1689 quem
615 1631 670 1691 pro
693 1613 872 1690 magistratu
893 1614 924 1671 in
946 1615 994 1672 his
1017 1615 1174 1674 territoriis
1196 1615 1289 1674 161666
1311 1622 1544 1674 consentaneum
1569 1623 1625 1674 661.

418 1713 525 1792 Neque
552 1715 699 1774 eiusmodi
726 1715 874 1774 ordinatio
904 1717 943 1774 ad
968 1717 1090 1774 metalla
1112 1717 1176 1776 sola
1201 1718 1352 1794 pertinuit.
1398 1714 1496 1776 Simili
1518 1717 1666 1775 1616166-

335 1819 396 1878 rint
417 1826 602 1876 6666666661
623 1819 772 1876 territoria
792 1817 959 1894 legionibus
982 1820 1133 1891 attributa,
1156 1839 1232 1896 quae
1255 1822 1450 1879 innotuerunt
1471 1839 1509 1877 ex
1531 1819 1667 1878 terminis

335 1921 482 1998 Hispanis
504 1920 659 1979 collocatis
687 1920 724 1980 ad
746 1920 906 1979 dividenda
931 1929 1019 1996 prata
1045 1921 1172 1999 legionis
1194 1923 1258 1981 IIII
1281 1931 1311 1982 et
1339 1941 1443 2000 agrum
1468 1923 1669 1998 Iuliobrigen-

337 2043 399 2082 sem
426 2023 500 2099 (vol.
515 2023 548 2080 II
570 2043 598 2081 6.
616 2022 727 2099 2916),
760 2023 831 2082 11661
858 2043 897 2083 ex
925 2023 1012 2082 titulo
1039 2043 1135 2100 nuper
1160 2033 1279 2101 reperto
1305 2025 1437 2102 Aquinci
1470 2024 1576 2100 (buius
1604 2025 1668 2100 eph.

336 2125 436 2186 6612
463 2143 491 2201 p.
515 2123 574 2184 382
602 2145 631 2183 6.
653 2124 727 2200 696)
762 2125 861 2184 balnei
888 2145 907 2183 a
933 2125 1000 2184 solo
1027 2126 1099 2186 facti
1126 2131 1267 2187 territorio
1296 2128 1417 2204 legionis
1444 2127 1484 2184 II
1506 2129 1668 2185 adiutricis.

336 2228 417 2288 Nam
438 2228 493 2286 illa
513 2227 636 2304 praedia
658 2234 784 2299 constat,
810 2229 884 2287 haec
909 2229 1067 2306 probabile
1090 2239 1136 2288 est
1161 2230 1255 2288 fuisse
1282 2239 1369 2288 extra
1397 2229 1550 2288 territoria
1573 2248 1670 2287 rerum

337 2331 533 2408 publicarum.
570 2329 684 2388 Eodem
700 2329 781 2389 ducit
795 2331 875 2406 quod
891 2331 996 2389 scribit
1010 2331 1174 2391 Frontinus
1191 2333 1227 2390 de
1241 2341 1336 2391 contr.
1351 2351 1416 2410 agr.
1432 2351 1462 2408 p.
1475 2332 1514 2390 46
1530 2331 1669 2390 Lachm:

338 2438 478 2492 interrae
502 2433 635 2508 publicas
662 2451 719 2490 aaa
746 2435 923 2492 mediocriter
950 2436 1108 2492 eiusmodi
1135 2433 1263 2509 (scilicet
1284 2436 1321 2492 de
1346 2434 1449 2509 modo)
1479 2437 1672 2492 controversia

339 2536 409 2594 solet
430 2539 560 2605 caerceri,
582 2553 666 2610 qaam
682 2537 849 2610 frequenter
871 2536 1343 2595 6616616666666166616616πὶ16
1366 2545 1416 2596 aat
1437 2539 1603 2612 manicipiis
1625 2543 1673 2594 aat

339 2638 459 2697 saltibus
486 2635 621 2696 Caesaris
648 2645 699 2695 cat
721 2639 855 2712 privatis.
899 2637 936 2695 In
964 2638 1136 2697 universum
1166 2639 1290 2715 praedia
1316 2638 1434 2698 fiscalia
1461 2647 1672 2713 procuratores

340 2759 412 2799 suos
439 2739 589 2812 habentia,
622 2739 722 2814 qualia
751 2748 820 2798 sunt
848 2739 940 2800 saltas
970 2740 1217 2800 Carminiaaeases
1245 2745 1275 2800 ia
1301 2739 1442 2800 Calabria
1471 2738 1559 2815 (Not.
1585 2737 1672 2816 Dign.

340 2841 411 2902 066.
436 2839 543 2915 12,18
572 2839 697 2916 Seeck),
727 2843 854 2916 praedia
879 2842 1004 2901 saliuam
1029 2844 1226 2920 Hipponensis
1260 2855 1286 2903 et
1315 2843 1478 2901 Tbaaestiai
1509 2843 1541 2899 16
1570 2842 1675 2900 Africa

341 2943 467 3020 (Renier
488 2963 517 3000 n.
534 2943 641 3018 2343),
676 2943 735 3002 6116
767 2944 922 3020 diligenter
955 2965 1050 3022 nuper
1077 2947 1245 3020 composita
1273 2947 1309 3004 ab
1336 2944 1542 3002 Hirschfeldio
1572 2953 1674 3003 nostro

342 3045 634 3122 (Staatsverwaitaag
656 3064 685 3121 p.
703 3045 742 3103 24
755 3047 842 3122 seq.),
864 3047 1020 3124 probabile
1039 3059 1084 3106 est
1104 3048 1199 3106 fuisse
1222 3055 1309 3106 extra
1330 3047 1481 3105 territoria
1502 3047 1674 3104 civitatibus

341 3149 484 3207 attributa
508 3167 605 3224 neque
631 3149 824 3226 magistratus
851 3149 930 3208 ullos
956 3151 1106 3223 habuisse,
1136 3151 1189 3209 sed
1215 3151 1313 3208 locum
1340 3149 1574 3227 magistratuum
1602 3149 1677 3207 obti-

341 3252 445 3311 nuisse
466 3260 687 3329 procuratores.
730 3249 779 3309 Ne
806 3251 992 3326 privatorum
1017 3253 1136 3328 quidem
1163 3253 1374 3329 possessiones
1398 3251 1535 3310 similiter
1558 3251 1674 3310 ordina·

343 3364 390 3413 tas
413 3371 481 3413 esse
502 3353 636 3431 potuisse
658 3353 842 3430 negaverim
871 3361 950 3414 certe
975 3354 1135 3414 latifundia
1163 3372 1219 3413 sex
1245 3354 1366 3412 illorum
1387 3353 1577 3413 dominorum
1602 3371 1675 3430 quos

342 3459 509 3532 imperante
521 3453 643 3515 Nerone
665 3457 821 3515 semissem
836 3456 959 3516 Africae
981 3457 1155 3533 possedisse
1174 3457 1293 3516 Plinius
1308 3457 1369 3528 611,
1391 3456 1445 3514 vix
1468 3455 1613 3514 credibile
1634 3464 1676 3514 est

343 3559 452 3618 finibus
474 3558 639 3618 civitatium
662 3559 727 3617 eius
748 3557 922 3635 provinciae
943 3561 1161 3638 comprehensa
1180 3559 1283 3619 fuisse.

427 3641 543 3720 Eodem
564 3661 661 3720 refero
681 3679 759 3738 quae
782 3661 903 3720 saeculo
926 3663 1029 3738 quinto
1044 3670 1073 3720 et
1095 3663 1235 3738 deinceps
1258 3661 1448 3720 inveniuntur
1469 3678 1518 3719 res
1539 3660 1677 3738 publicae

343 3763 570 3840 magistratibus
597 3763 759 3822 destitutae
792 3773 821 3821 61
849 3765 1028 3824 constitutae
1061 3765 1116 3824 sub
1150 3764 1215 3823 solo
1249 3761 1448 3839 defensore2).
1493 3761 1676 3822 Crediderim

344 3875 442 3926 autem
464 3866 636 3924 universam
662 3867 740 3924 hanc
768 3865 986 3925 ordinationem
1009 3869 1046 3926 ab
1068 3867 1213 3925 institutis
1236 3865 1382 3924 Romanis
1406 3866 1618 3925 abhorrentem
1640 3883 1677 3922 ox

345 3969 486 4045 Aegypto
509 3968 656 4027 adscitam
679 3985 755 4042 6666,
783 3987 874 4044 quam
900 3969 944 4026 rei
972 3969 1069 4028 fiscali
1092 3969 1199 4027 aetatis
1225 3968 1435 4046 imperatoriae
1456 3968 1676 4044 quodammodo

345 4089 481 4129 normam
503 4071 684 4146 imposuisse
707 4071 780 4130 satis
803 4071 957 4146 probabile
980 4078 1036 4130 est.
1081 4069 1170 4144 Quod
1194 4071 1221 4129 61
1241 4071 1284 4128 116
1306 4081 1362 4144 661,
1385 4070 1483 4129 161666
1502 4071 1677 4128 mirabimur

346 4171 493 4231 eiusmodi
518 4173 700 4232 territorium
728 4191 831 4232 carere
858 4173 978 4232 nomine
999 4175 1080 4232 iusto
1101 4171 1227 4232 Latino:
1258 4180 1336 4232 certe
1359 4173 1443 4232 vicus
1465 4191 1536 4249 pars
1563 4181 1612 4232 est
1633 4189 1678 4230 co-

424 4476 448 4539 ¹)
487 4477 516 4530 Si
536 4483 663 4528 servatum
682 4484 749 4529 esset
768 4477 874 4528 verbum
889 4493 939 4544 quo
959 4477 1024 4528 haec
1042 4483 1172 4543 reguntur,
1192 4477 1303 4527 fortasse
1315 4491 1396 4542 genus
1414 4477 1478 4543 legis
1491 4476 1568 4526 huius
1588 4477 1679 4526 certius

346 4571 408 4621 inde
428 4571 586 4622 definiretur.
624 4571 714 4622 Potest
734 4571 840 4636 cogitari
867 4572 899 4621 de
918 4571 1095 4636 supplemento
1115 4571 1161 4620 tali
1183 4567 1247 4631 ess[e
1266 4568 1345 4633 acio],
1371 4576 1400 4620 ut
1424 4571 1544 4634 loquatur
1570 4570 1679 4634 impera-

346 4670 395 4713 tor.
434 4663 560 4716 Similiter
574 4679 597 4712 v.
614 4664 629 4712 2
645 4664 688 4726 23,
709 4663 753 4712 ubi
771 4664 831 4730 imp.
851 4669 877 4712 et
899 4659 969 4713 Caes.
989 4663 1172 4728 supplevimus,
1192 4668 1331 4727 potuerunt
1349 4663 1410 4712 item
1431 4662 1545 4726 suppleri
1564 4661 1679 4711 adhibito

347 4755 475 4806 vocabulo
493 4755 548 4805 mei.
587 4756 640 4808 Sed
659 4770 814 4821 quemquam
834 4757 940 4806 dubium
960 4771 1013 4806 non
1033 4762 1072 4805 est
1090 4755 1122 4805 ab
1142 4756 1298 4820 imperatore
1317 4755 1400 4820 legem
1414 4754 1509 4804 dictam
1523 4768 1587 4816 esse,
1607 4767 1680 4818 prae·

349 4847 451 4898 tulerim
470 4849 497 4898 id
516 4849 586 4914 quod
603 4849 745 4914 posuimus.

425 4936 450 5001 ²)
488 4941 620 4990 Honorius
640 4947 666 4990 et
685 4940 850 4992 Theodosius
870 4940 1090 5003 cossiaeos,
1107 4942 1150 5003 12,
1166 4942 1180 4990 8
1201 4954 1225 4989 6.
1239 4937 1308 4988 415:
1328 4939 1355 4988 ia
1369 4939 1514 5006 proviaciis
1533 4936 1604 5004 apud
1617 4953 1678 5004 pra-

349 5030 490 5080 eiaciaram
507 5039 617 5082 rectores
635 5033 683 5095 ael,
704 5034 728 5083 si
740 5039 847 5100 praesto
866 5049 916 5084 aaa
927 5033 1034 5100 fuerint,
1056 5031 1126 5102 apud
1143 5031 1308 5099 magistratus
1324 5031 1489 5099 municipales
1509 5030 1556 5092 ael,
1577 5030 1602 5079 si
1619 5028 1679 5079 eiai-

351 5129 391 5172 tas
409 5122 451 5172 ael
469 5123 586 5192 oppidum
655 5141 704 5175 aaa
723 5123 815 5176 babeat
832 5127 1004 5192 magistratus,
1024 5125 1094 5194 apud
1112 5124 1265 5192 defensorem
1279 5121 1373 5192 plebis.
1407 5124 1507 5174 Eadem
1527 5123 1637 5174 redeunt
1655 5122 1680 5170 in

352 5215 408 5278 lege
426 5215 522 5266 Leonis
541 5216 606 5266 Cod.
626 5217 690 5268 Inst.
712 5220 736 5280 8,
759 5217 792 5269 53
814 5215 881 5282 [54],
903 5219 946 5280 30,
969 5219 993 5270 1.
