3620 6050
533 608 609 660 nux
634 607 801 660 uernum
827 607 1079 660 vrrnsomvsrs.
1400 589 1469 660 175

154 784 283 860 excipere
305 783 422 852 voluit,
451 783 542 842 veluti
568 783 684 860 praedii
707 799 793 842 usum
815 783 945 842 fructum
968 782 1147 858 similiaque.
1190 782 1404 858 Interpositum
1426 790 1473 840 est

151 887 211 945 loeo
237 887 336 963 minus
365 894 434 960 apto
456 886 545 944 -in
570 886 743 944 universum
770 886 847 944 enim
875 887 955 944 valet
984 885 1158 960 videturque
1191 885 1290 960 aptius
1321 885 1472 962 praemitti

151 989 339 1048 debuisse-
360 989 396 1046 de
423 989 615 1066 stipulatione
641 981 844 1065 praeceptum,
870 1007 960 1064 quam
987 988 1198 1047 conductorem
1223 1005 1291 1045 cum
1317 988 1471 1046 venditore

151 1092 252 1151 fecisse
274 1099 326 1149 aut
348 1097 427 1150 certe
448 1090 548 1150 faeere
569 1091 705 1166 potuisse
728 1091 800 1149 dixi.
844 1090 964 1149 Etenim
987 1091 1069 1166 quod
1086 1091 1293 1150 Mommsenus
1315 1091 1472 1168 proposuit

149 1195 231 1252 huius
258 1194 425 1253 sententiae
446 1193 688 1271 supplementum
709 1197 735 1252 lc
754 1197 912 1268 promittite
934 1211 1116 1269 quamquam
1137 1211 1198 1251 non
1219 1201 1343 1265 certum,
1372 1199 1471 1250 tamen

151 1296 401 1373 simplicissimum
424 1305 480 1354 est.
525 1295 615 1370 Quod
638 1296 775 1372 sequitur
788 1305 980 1374 praeceptum
1003 1297 1040 1354 ab
1064 1296 1167 1354 eodem
1183 1295 1380 1372 probabiliter
1402 1313 1472 1372 sup-

149 1397 255 1475 pletum
277 1399 375 1456 estin
398 1417 463 1456 eam
486 1398 673 1470 sententiam,
701 1408 734 1457 ut
755 1399 844 1457 etiam
867 1417 944 1475 quae
969 1399 1081 1458 frustra
1105 1399 1136 1457 in
1159 1398 1295 1456 auctione
1319 1398 1474 1456 vendenda

149 1501 300 1577 proposita
326 1509 427 1560 essent
457 1509 487 1560 et
511 1502 591 1558 intra
617 1501 680 1558 dies
712 1501 812 1560 decem
841 1521 947 1560 venum
977 1503 1084 1560 iissent
1110 1520 1145 1560 eo
1173 1501 1357 1571 condicione,
1383 1519 1473 1575 quam

148 1621 209 1662 cum
224 1603 406 1662 conductore
428 1603 589 1678 stipulatus
612 1612 675 1661 erat
689 1603 835 1677 venditor,
859 1623 876 1662 a
894 1607 1074 1662 centesimae
1098 1603 1247 1662 solutione
1268 1622 1329 1660 non
1351 1603 1474 1662 liberari

148 1705 327 1778 iuberentur3
356 1705 387 1764 id
416 1706 497 1782 quod
522 1706 553 1763 in
579 1707 752 1764 universum
778 1707 910 1765 valuisse
936 1706 1091 1782 probabile
1117 1715 1172 1764 cst.
1216 1703 1296 1764 Sane
1322 1706 1474 1781 incapite

148 1808 223 1884 quod
244 1809 382 1884 sequitur
403 1808 440 1866 de
461 1810 623 1886 praeconio
651 1809 748 1866 simile
771 1817 959 1884 praeceptum
986 1809 1063 1867 redit
1085 1808 1126 1884 (v.
1145 1809 1207 1884 17).
1251 1809 1287 1866 In
1313 1808 1372 1866 fine
1394 1810 1474 1884 capi·

147 1911 182 1968 tis
204 1911 324 1969 demum
345 1910 439 1969 multa
460 1911 543 1987 dupli
566 1912 701 1970 solvendi
724 1913 750 1968 ei
774 1911 890 1983 dieitur,
919 1912 970 1987 qui
992 1911 1081 1970 tridui
1103 1912 1234 1988 spatium
1258 1910 1401 1968 solvendo
1424 1911 1473 1968 hic

146 2021 175 2070 ut
195 2013 265 2070 alibi
289 2015 483 2072 constitutum
505 2019 565 2072 no'n
588 2015 758 2072 servaverit.

222 2117 390 2174 Auctiones
418 2117 534 2174 institui
560 2135 619 2174 non
647 2118 783 2192 potuisse
809 2117 873 2175 sine
899 2117 1019 2188 indicio,
1052 2117 1131 2192 quod
1158 2136 1211 2192 per
1241 2134 1406 2192 praecones
1433 2115 1472 2173 ad
1486 2123 1513 2171 11
1527 2121 1613 2186 Scrip-

145 2217 197 2275 hoc
218 2219 374 2295 negotium
395 2219 538 2296 legitime,
561 2228 594 2276 ut
616 2220 762 2292 videntur,
786 2221 985 2278 exercendum
1011 2220 1178 2278 destinatos
1205 2221 1235 2277 in
1262 2219 1382 2294 publico
1404 2237 1473 2294 pro·
1515 2212 1614 2300 turae·

145 2320 273 2395 positum
290 2331 380 2392 esset,
403 2331 631 2381 consentaneum
648 2330 695 2380 est
710 2332 739 2380 et
753 2323 974 2381 demonstratur
995 2323 1141 2398 frequenti
1157 2341 1336 2400 praeconum
1353 2322 1384 2378 in
1406 2303 1616 2420 tali-ppalapopp

146 2421 198 2481 bus
212 2423 344 2500 negotiis
361 2425 517 2482 mentione.
546 2425 654 2501 Itaque
668 2426 861 2502 praeconium
878 2444 943 2483 oum
960 2425 1152 2500 stipulatione
1168 2425 1338 2502 argentaria
1352 2423 1472 2482 vinculo

144 2527 313 2584 necessario
336 2527 525 2585 coniunctum
554 2545 609 2586 suo
631 2528 698 2586 loco
721 2528 894 2586 conductori
922 2527 971 2585 hic
998 2528 1092 2586 locari
1114 2529 1261 2586 videmus.
1307 2525 1366 2600 Qui
1388 2545 1473 2602 prae-

144 2628 259 2686 conium
277 2629 431 2701 conduxit,
454 2649 544 2688 unum
560 2631 714 2689 minimum
735 2631 814 2689 intra
835 2631 910 2688 fines
927 2630 1039 2688 metalli
1061 2649 1240 2707 praeconem
1262 2631 1406 2707 praebere
1428 2630 1473 2685 iu-

145 2731 234 2789 betur.
281 2732 398 2790 Merces
421 2733 572 2808 praeconii
595 2733 686 2807 (illud
708 2734 785 2790 enim
806 2733 984 2790 vocabulum
1006 2733 1054 2790 hic
1068 2734 1200 2792 maxime
1221 2733 1332 2807 requiri
1354 2740 1474 2807 praeter

143 2833 201 2892 alia
222 2835 315 2894 etiam
344 2835 475 2893 codicilli
496 2835 672 2912 Pompeiani
695 2835 837 2911 probant)
864 2855 903 2894 ex
924 2835 1102 2894 venditionis
1128 2835 1226 2894 reditu
1249 2836 1302 2910 qui
1323 2834 1402 2892 infra
1424 2835 1473 2890 de-

142 2937 240 2996 narios
270 2945 391 2996 centum
420 2938 476 2995 erit
504 2936 736 3015 (quinquaginta
763 2938 841 2996 enim
872 2957 1014 2998 numerus
1049 2939 1101 3014 qui
1129 2938 1256 2996 traditur
1285 2937 1402 2995 videtur
1428 2956 1474 2994 er·

142 3040 201 3097 rori
222 3040 411 3116 quadratarii
433 3039 544 3111 deberi,
568 3040 708 3115 quoniam
732 3041 768 3098 de
791 3041 835 3098 eis
859 3059 936 3117 quae
962 3041 1031 3116 plus
1054 3041 1270 3117 quinquaginta
1296 3039 1349 3098 sed
1376 3039 1473 3096 minus

142 3151 258 3200 centum
283 3142 425 3201 denarios
447 3141 664 3217 produxissent
685 3152 748 3200 tum
769 3144 889 3201 omnino
912 3144 987 3200 nihil
1010 3151 1155 3202 statutum
1178 3143 1271 3218 esset)
1295 3142 1474 3200 centesimae

48 3317 51 3324 Ι
142 3245 224 3316 duae,
247 3245 303 3321 qui
326 3263 429 3320 supra,
452 3245 614 3303 centesima
635 3265 654 3302 a
675 3245 831 3304 venditore
854 3246 998 3304 solvenda
1020 3255 1075 3304 est.
1120 3245 1167 3304 De
1188 3245 1344 3322 mancipiis
1367 3263 1473 3302 venum

142 3345 216 3406 datis
238 3365 298 3424 pro
320 3348 457 3406 mercede
471 3347 624 3422 praeconii
646 3347 855 3424 capitularium
870 3349 1001 3426 exigitur
1023 3349 1186 3407 secundum
1202 3367 1355 3406 numerum
1372 3365 1473 3404 eorum

142 3449 306 3522 diversum,
334 3449 371 3506 de
397 3450 526 3526 quinque
552 3450 703 3509 minoreve
730 3470 854 3509 numero
882 3451 996 3509 denarii
1020 3451 1150 3510 fortasse
1177 3451 1273 3527 quini,
1301 3451 1338 3508 de
1361 3451 1475 3508 maiore

141 3571 263 3612 numero
288 3553 375 3610 terni.
421 3550 566 3612 Similiter
581 3553 617 3609 de
639 3553 727 3610 mulis
750 3554 844 3612 asinis
868 3553 953 3630 equis
975 3554 1129 3629 utriusque
1152 3571 1243 3611 sexus
1267 3553 1475 3628 capitularium

60 3654 67 3674 ¹
141 3657 285 3729 praeconi
307 3653 482 3713 solvendum
505 3664 552 3712 est
570 3655 725 3714 denarium
749 3655 949 3732 singulorum3
973 3656 1053 3732 quod
1074 3664 1266 3732 praeceptum
1288 3656 1354 3714 loeo
1375 3655 1474 3713 minus

141 3766 210 3834 apto
231 3757 316 3816 infra
336 3765 405 3834 post
427 3757 486 3815 alia
509 3757 628 3816 additur
649 3757 692 3833 (v.
711 3757 772 3833 17).
817 3757 923 3835 Neque
943 3759 1105 3834 quidquam
1125 3767 1266 3828 mutatur,
1290 3757 1383 3833 siquis
1406 3776 1475 3815 auc·

140 3859 220 3918 tione
252 3877 316 3918 non
346 3859 486 3918 instituta
517 3877 592 3935 quae
618 3878 672 3935 per
701 3877 879 3934 praeconem
907 3860 1061 3918 vendenda
1086 3868 1284 3936 proposuerat
1310 3860 1390 3916 intra
1410 3859 1474 3916 dies

138 3962 262 4038 triginta
286 3981 323 4018 ea
345 3961 518 4020 condicione
532 3962 674 4032 vendidit,
698 3980 786 4036 quam
808 3981 875 4019 cum
898 3980 1045 4036 praecone
1068 3962 1230 4036 stipulatus
1254 3970 1326 4019 erat.
1372 3959 1475 4020 Simile

139 4071 335 4142 praeceptum
366 4081 458 4138 supra
484 4064 642 4122 habuimus
669 4065 700 4122 in
728 4065 921 4139 stipulatione
947 4064 1117 4139 argentaria
1139 4064 1179 4139 (v.
1198 4063 1240 4139 6).
1285 4061 1388 4139 Siquis
1410 4063 1475 4122 sine

138 4185 293 4241 praecone
319 4165 433 4240 aliquid
458 4165 644 4225 vendendum
674 4167 762 4224 offert
786 4167 955 4225 inventario
982 4167 1101 4244 publice
1128 4167 1278 4238 exhibito,
1312 4166 1475 4225 conductor

139 4267 296 4344 praeconii
318 4268 473 4326 denarium
496 4288 586 4327 unum
609 4271 647 4327 ab
670 4288 706 4328 eo
728 4269 845 4344 accipit.

221 4371 428 4446 Interpositae
454 4380 524 4430 sunt
550 4371 720 4447 praeceptis
746 4372 808 4444 his,
843 4391 920 4449 quae
946 4372 982 4429 de
1009 4375 1170 4450 praeconio
1197 4374 1228 4430 in
1254 4374 1474 4432 venditionibus

138 4473 265 4550 privatis
289 4473 401 4544 valent,
427 4474 620 4550 exceptiones
649 4474 764 4534 similes
787 4493 890 4532 aarum
912 4494 989 4551 quas
1015 4477 1047 4534 in
1069 4477 1165 4551 primo
1188 4477 1285 4553 capite
1307 4477 1474 4545 habuimus
1530 4540 1533 4544 ,

139 4577 256 4635 scilicet
279 4584 450 4652 spectantes
473 4577 511 4634 ad
531 4575 719 4634 venditiones
742 4597 760 4635 a
781 4587 974 4653 procuratore
994 4579 1182 4637 metallorum
1208 4579 1370 4637 institutas.
1414 4578 1475 4634 Pu-

138 4686 253 4737 teorum
279 4685 398 4755 emptor
424 4679 616 4737 centesimam
645 4679 761 4737 solvere
790 4681 877 4738 debet
904 4681 1080 4739 conductori
1102 4681 1143 4754 (v.
1161 4681 1212 4756 15)
1241 4681 1320 4738 intra
1346 4680 1474 4738 triduum

137 4781 192 4838 sub
215 4799 320 4856 poena
342 4781 425 4856 dupli
447 4780 583 4839 solvendi
606 4781 837 4857 conductorique
863 4783 999 4859 pignoris
1026 4783 1125 4858 captio
1151 4783 1181 4839 in
1204 4801 1271 4838 eum
1294 4782 1475 4840 conceditur.

136 4881 222 4942 Haec
251 4900 373 4958 quoque
399 4883 477 4940 infra
502 4884 534 4941 in
562 4883 711 4941 similibus
738 4885 816 4942 redit
844 4883 884 4958 (v.
902 4885 941 4942 34
968 4885 1009 4942 40
1032 4885 1085 4959 45)
1114 4885 1217 4942 addita
1242 4884 1334 4941 semel
1362 4883 1404 4958 (v.
1421 4885 1475 4960 41)

136 4985 197 5044 alia
222 4985 324 5043 multa
351 4985 382 5042 in
409 5005 476 5043 aum
503 4985 674 5056 constituta,
702 4986 753 5060 qui
778 4985 913 5062 pignoris
942 4987 1106 5060 captionem
1134 4985 1329 5062 prohibuerit.
1374 4985 1416 5045 Ut
1438 5007 1477 5046 ex

135 5087 233 5162 pretio
262 5094 423 5162 puteorum
453 5106 528 5163 quos
555 5095 732 5163 procurator
765 5087 864 5146 vendit
891 5089 1054 5146 centesima
1082 5097 1135 5146 aut
1161 5087 1243 5146 nulla
1269 5089 1399 5166 exigitur
1425 5099 1476 5148 aut

136 5191 173 5248 ab
196 5197 347 5266 emptore,
369 5189 410 5248 ita
430 5189 613 5266 reliquarum
635 5209 734 5248 rerum
757 5189 977 5248 venditionibus
1004 5190 1244 5250 locationibusve
1274 5193 1312 5250 ab
1334 5211 1370 5250 eo
1392 5193 1475 5252 insti·
