3620 6050
197 1852 480 1967 SYLLOGE
505 1853 1001 2100 INSORlPdlllerlM
1025 1852 1172 1967 toul
1196 1851 1456 1966 conlui.

748 2194 900 2201 ..—

152 2222 331 2388 Syllogen
354 2314 583 2390 inscriptionum
604 2314 808 2386 Urbanarum,
838 2315 923 2372 cuius
946 2314 1085 2371 volumen
1112 2313 1240 2390 primum
1261 2331 1338 2371 nuuc
1367 2313 1488 2388 prodiit,

148 2433 218 2472 non
240 2416 376 2490 potuisse
398 2435 459 2473 non
481 2416 523 2474 eis
545 2416 663 2492 legibus
685 2435 800 2492 parcre,
817 2419 899 2492 'quae
921 2417 1014 2474 totius
1036 2413 1179 2492 Corporis
1201 2416 1297 2492 copiis
1321 2415 1489 2491 digerendis

149 2517 311 2592 sapienter
333 2518 429 2576 dictae
452 2528 531 2590 sunt,
552 2519 610 2577 hoc
633 2528 678 2576 est
699 2519 784 2576 utin
806 2527 907 2594 partes
930 2536 1081 2576 sacrarum
1104 2518 1290 2594 publicarum
1306 2519 1489 2595 privatarum

149 2619 399 2690 discriberentur,
426 2621 558 2678 omnium
586 2639 735 2679 consensu
763 2619 852 2678 facile
882 2622 1100 2695 comprobetur.
1143 2621 1235 2678 nihilo
1266 2630 1367 2678 tamen
1392 2620 1490 2677 minus

148 2740 194 2778 ea
221 2730 268 2778 est
294 2722 382 2780 huius
410 2723 584 2797 provinciae
612 2723 748 2781 condicio
776 2741 794 2779 a
822 2729 987 2780 ceterarum
1009 2723 1063 2780 illa
1084 2721 1165 2779 haud
1187 2721 1296 2798 exiguo
1319 2723 1491 2781 discrimine

149 2825 288 2896 diversa,
316 2835 349 2882 ut
370 2843 459 2902 aegre
482 2843 635 2883 careamus
657 2826 790 2883 locorum
814 2825 1008 2901 discriptione
1035 2825 1087 2882 ubi
1114 2833 1166 2882 aut
1187 2823 1325 2900 primitus
1347 2825 1417 2882 illae
1440 2844 1491 2882 ex-

146 2925 272 2983 titerint
297 2935 349 2984 aut
376 2937 511 3003 repertae
539 2929 608 2986 sint.
652 2929 699 2985 cui
728 2927 874 2986 desiderio
901 2928 971 2985 licet
1002 2928 1103 3003 aliqua
1134 2945 1172 2984 ex
1204 2935 1289 3001 parte
1322 2927 1396 2984 satis
1426 2928 1492 2984 ficri

148 3045 249 3103 posse
270 3027 373 3086 addito
395 3029 493 3087 indice
515 3030 732 3106 topographico
755 3049 813 3087 non
836 3030 1008 3107 negaverim
1025 3029 1110 3086 -id
1131 3028 1210 3104 quod
1230 3029 1319 3087 audio
1339 3029 1370 3086 in
1390 3029 1490 3087 auimo

149 3147 225 3187 esse
248 3129 291 3188 eis
314 3132 422 3205 quibus
445 3131 624 3208 profligandi
646 3133 744 3206 operis
764 3151 836 3189 cura
851 3132 1029 3190 demandata
1050 3141 1150 3190 est-
1166 3141 1267 3190 tamen
1288 3131 1342 3190 tali
1364 3132 1491 3191 consilio

148 3250 255 3308 neque
285 3251 424 3308 umquam
453 3253 500 3292 me
527 3233 623 3292 iudice
650 3234 724 3292 satis
752 3235 906 3292 commode
939 3234 1156 3311 topographiae
1182 3235 1290 3294 studiis
1322 3235 1492 3294 consultum

150 3335 215 3392 erit
240 3352 338 3409 neque
359 3353 431 3393 vcro
459 3336 566 3394 horum
594 3336 762 3394 studiorum
787 3356 865 3413 quae
893 3337 1012 3412 quidem
1035 3355 1113 3395 nunc
1138 3346 1186 3395 est
1206 3337 1383 3396 acceleratio
1407 3355 1491 3412 spem

152 3455 215 3494 nos
237 3437 350 3512 patitur
370 3437 514 3495 incohare
536 3437 667 3516 longam,
690 3439 759 3496 dum
776 3449 874 3497 cetera
896 3439 1028 3516 sylloges
1043 3439 1195 3498 volumina
1217 3440 1353 3516 quamvis
1376 3441 1492 3499 intenta

152 3557 331 3614 operaper
357 3558 452 3598 anuos
479 3559 540 3598 non
565 3559 679 3616 paucos
708 3541 792 3616 prela
818 3543 1008 3599 exercebunt.
1057 3559 1151 3616 quare
1183 3560 1271 3617 spero
1301 3542 1365 3600 fore
1394 3551 1427 3600 ut
1455 3544 1491 3614 si,

154 3659 250 3715 qoam
265 3641 338 3699 mibi
359 3641 420 3716 ipsi
442 3650 582 3717 tanquam
598 3643 798 3700 necessarium
819 3643 1034 3720 topographiae
1055 3642 1114 3699 fori
1127 3643 1242 3700 romani
1265 3644 1492 3703 fundamentum

156 3743 258 3800 struxi
286 3741 451 3800 Srmoosu
479 3743 731 3802 luscrrrrronvru
757 3743 834 3802 Fosi
862 3744 1008 3812 Roriam,
1036 3763 1115 3801 nunc
1140 3745 1252 3821 publici
1281 3746 1355 3803 iuris
1380 3747 1492 3818 fecero,

156 3864 196 3903 ea
221 3845 311 3902 etiam
339 3845 465 3903 aliorum
493 3847 601 3905 studiis
628 3846 746 3904 interim
765 3864 889 3902 —nam
918 3845 1097 3919 particulam
1127 3845 1256 3920 aliquam
1285 3847 1384 3922 operis
1411 3856 1493 3923 post-

156 3947 249 4004 modo
277 3946 440 4022 ampliandi
468 3949 655 4006 tractavi-
678 3947 835 4022 profutura
858 3947 906 4004 sit.
951 3947 1004 4005 sed
1026 3947 1062 4004 de
1084 3947 1210 4004 oonsilio
1233 3966 1298 4004 meo
1322 3949 1493 4023 quibusque

157 4067 215 4125 ego
238 4049 417 4107 adiumentis
437 4049 603 4108 instructus
625 4050 734 4108 fuerim
757 4049 863 4124 paucis
886 4049 998 4124 accipe.
1466 4126 1468 4130 .

242 4151 367 4210 Ultimis
395 4153 506 4210 mensis
534 4152 605 4210 Maii
632 4152 796 4229 primisque
822 4151 901 4209 Iunii
928 4151 1016 4210 huius
1044 4171 1071 4209 a.
1091 4151 1169 4210 1876
1198 4152 1303 4210 dicbus
1325 4153 1441 4210 Romae
1462 4152 1492 4209 in

159 4253 226 4329 ipso
259 4253 326 4311 foro
358 4255 410 4329 qui
441 4263 502 4312 tum
538 4255 682 4313 extabant
713 4253 816 4312 titulos
848 4271 951 4312 omnes
984 4255 1140 4331 descripsi.
1185 4254 1261 4312 idem
1287 4255 1400 4314 fecerat
1425 4263 1494 4313 ante

136 4353 207 4412 ‘me
234 4355 282 4412 dd.
308 4355 438 4414 19-26
462 4356 574 4414 mensis
597 4354 778 4414 Novembris
803 4377 830 4415 a.
856 4357 935 4416 1875
957 4356 1107 4414 Iohannes
1130 4356 1273 4433 Droyscn
1299 4377 1383 4416 meus
1411 4359 1494 4416 cuius

161 4445 339 4534 apographa¹
356 4465 515 4534 postquam
532 4477 599 4516 cum
613 4460 687 4517 meis
710 4459 832 4530 contuli,
855 4478 923 4516 cum
938 4458 1048 4517 multos
1070 4459 1186 4536 lapides
1208 4459 1327 4518 interim
1350 4460 1494 4517 aliorsum

161 4559 279 4616 ablatos
307 4577 373 4618 esse
400 4560 627 4636 cognovissem,
655 4560 815 4637 plerosque
843 4569 942 4620 autem
970 4561 1000 4618 in
1022 4581 1134 4619 novum
1155 4561 1292 4620 Museum
1315 4561 1495 4638 lapidarium

162 4659 291 4736 Collegii
312 4661 442 4718 Romani
464 4661 527 4736 (vel
541 4663 640 4720 Musei
655 4661 861 4737 Kircheriani)
883 4664 1029 4739 migrasse
1052 4663 1195 4735 audirem,
1219 4661 1301 4722 Guil.
1317 4663 1494 4721 Henzenum

162 4763 299 4838 precibus
322 4763 393 4834 adii,
416 4771 529 4821 utnon
553 4764 649 4822 solum
673 4768 724 4840 qui
747 4765 836 4844 etiam
857 4773 920 4822 tum
942 4766 973 4822 in
994 4765 1060 4822 foro
1081 4773 1221 4822 extarent
1242 4764 1356 4841 lapides
1380 4783 1495 4821 mecum

163 4865 308 4942 relegeret
333 4885 437 4923 verum
464 4865 554 4924 etiam
581 4884 657 4940 quae
685 4866 727 4924 ibi
755 4885 813 4922 non
846 4875 1054 4942 comparerent
1079 4867 1111 4924 iu
1135 4867 1253 4924 horreis
1280 4866 1378 4924 Musei
1403 4866 1494 4940 illius,

164 5031 366 5042 ——-—.

241 5155 266 5222 ¹)
303 5158 426 5208 Formam
451 5158 502 5206 lori
526 5157 628 5206 romani
654 5157 718 5207 scito
738 5171 779 5204 me
802 5155 886 5221 ipsum
907 5155 1052 5206 delineasse
1070 5156 1104 5206 ad
1123 5155 1302 5207 illustrandam
1322 5155 1390 5206 hanc
1409 5157 1493 5220 Syllo-

167 5261 221 5311 gen‚
255 5265 308 5299 non
337 5266 387 5316 quo
418 5251 557 5315 imaginem
586 5250 753 5314 reliquiarum
781 5249 832 5297 fori
863 5248 1003 5312 perlectam
1029 5256 1054 5297 et
1082 5249 1115 5298 ad
1145 5250 1206 5298 artis
1230 5263 1348 5300 normam
1378 5257 1496 5299 exactam

167 5341 274 5391 ederem.

1256 5431 1291 5490 17
