3596 6040
564 646 638 695 unx
666 646 746 696 coc.
776 645 1003 696 onnn'mvnn.
1401 629 1447 698 99

198 815 270 874 Ι)ιιο
300 815 366 874 sola
396 818 584 876 sacerdotum
611 818 740 894 collegia
765 819 901 876 coloniae
929 819 1000 876 data
1026 835 1095 878 esse
1122 825 1155 876 nt
1182 827 1270 876 antea
1296 820 1355 878 iarn
1382 832 1599 896 per-Pontifices,

116 935 324 992 spexeramus,
346 919 389 975 ita
411 938 488 978 nunc
510 920 621 978 diserte
642 921 836 980 confirmatur
857 919 934 998 legis
957 939 982 978 c.
999 919 1048 977 66.
1086 917 1169 992 Quot
1189 920 1249 978 loci
1271 920 1302 979 in
1321 933 1448 998 utroque
1467 930 1576 979 augures

116 1019 243 1096 collegio
267 1021 432 1079 secundum
458 1022 700 1097 antiquissimam
716 1023 894 1100 populorum
909 1021 1087 1082 Latinorum
1102 1021 1316 1082 ordinationem
1332 1022 1449 1096 fuerint,

115 1121 210 1178 adhuc
224 1140 334 1196 parum
350 1124 522 1194 constabat3
545 1124 604 1182 iam
619 1144 691 1183 vero
706 1145 745 1182 ex
760 1126 815 1184 hac
831 1125 897 1201 lege
919 1145 944 1182 c.
961 1125 999 1184 67
1014 1149 1050 1174 =
1067 1125 1115 1195 ll,
1134 1123 1171 1182 16
1187 1142 1249 1199 seq.
1266 1125 1449 1201 intellegitur

114 1231 214 1282 ternos
236 1223 270 1282 in
294 1232 420 1301 utroque
443 1226 572 1305 collegia
593 1227 764 1286 sacerdotes
786 1227 889 1300 luisse,
911 1211 1001 1304 idque
1022 1227 1111 1286 etiam
1134 1246 1200 1284 cum
1221 1226 1364 1286 institutis
1386 1227 1448 1285 Ro-

114 1326 209 1382 manis
232 1335 315 1384 recte
338 1328 521 1387 conciliatur.
565 1327 642 1388 Nam
666 1329 704 1386 ad
726 1330 883 1404 pontifices
900 1329 981 1405 quod
1004 1329 1119 1401 attinet,
1142 1347 1232 1387 senos
1254 1328 1373 1404 quidem
1392 1330 1448 1387 sub

113 1428 230 1504 regibus
253 1429 350 1488 fuisse
373 1427 480 1489 Cicero
503 1431 594 1489 tradit
617 1431 668 1507 <de
690 1452 723 1490 re
746 1451 774 1508 p.
792 1431 820 1502 2,
839 1431 886 1503 14,
904 1430 959 1502 26;
988 1431 1026 1488 cf.
1051 1429 1229 1490 Stactareolt
1252 1428 1280 1500 2,
1297 1430 1336 1488 20
1358 1452 1386 1490 ιι.
1406 1431 1448 1507 1),

113 1547 168 1604 quo
195 1550 323 1590 numero
350 1533 421 1590 item
452 1533 606 1607 pontifices
630 1533 720 1592 creati
744 1544 814 1592 sunt
839 1534 869 1590 in
892 1533 1041 1590 coloniam
1065 1531 1200 1610 Capuam
1224 1530 1345 1608 (Cicero
1368 1533 1404 1591 de
1427 1534 1447 1592 l.

114 1650 172 1707 agr.
196 1631 226 1703 2,
244 1633 295 1705 35,
313 1632 382 1708 96);
407 1633 458 1693 sed
482 1655 549 1693 eum
571 1655 727 1694 numerum
741 1636 854 1713 pariter
876 1644 966 1710 atque
988 1635 1174 1694 tribunorum
1190 1635 1315 1693 militum
1339 1643 1368 1692 et
1390 1637 1447 1693 vir-

112 1734 211 1808 ginum
235 1733 407 1794 Vestalium
430 1737 603 1813 similesque
626 1758 662 1796 ex
686 1738 896 1814 antiquissima
918 1738 1122 1813 duplicatione
1144 1737 1324 1796 descendere
1346 1755 1381 1796 eo
1403 1738 1447 1796 fa·

113 1836 197 1894 cilius
221 1837 427 1912 admittemus,
456 1839 535 1915 quod
558 1841 724 1898 scribarum
746 1841 919 1918 pontificum
943 1839 1005 1898 sive
1027 1840 1202 1916 pontificum
1225 1840 1372 1898 minorum
1395 1859 1447 1898 nu·

112 1957 207 1996 merus
229 1948 343 2015 postea
357 1960 476 2017 quoque
498 1944 647 2001 ternarius
663 1942 780 2000 videtur
795 1942 890 2000 fnisse
910 1940 1032 2016 (Cicero
1049 1943 1085 2000 de
1100 1943 1221 2019 harusp.
1238 1959 1319 2017 resp.
1337 1940 1365 2013 6,
1384 1941 1445 2018 12).

113 2036 253 2100 Similiter
276 2045 314 2101 de
334 2044 498 2120 auguribus
514 2043 703 2103 statuendum
719 2051 775 2114 est,
798 2063 873 2120 quos
896 2051 965 2102 ante
979 2043 1074 2120 legem
1090 2042 1251 2119 Ogulnium
1274 2061 1329 2101 sex
1351 2043 1446 2101 fuisse

112 2143 182 2202 satis
205 2156 329 2204 constat
350 2145 472 2221 (Cicero
491 2147 511 2204 l.
528 2166 571 2217 c.;
592 2146 660 2206 Liv.
679 2148 726 2217 10,
743 2147 785 2221 6),
809 2166 875 2204 cum
890 2146 1009 2204 adeum
1029 2165 1184 2204 numerum
1207 2145 1357 2221 quomodo
1379 2165 1445 2222 per-

112 2223 228 2304 ventum
245 2249 289 2306 sit
303 2261 440 2308 auctores
455 2251 537 2308 varie
554 2248 681 2308 tradant.
706 2248 819 2307 Decem
835 2266 962 2324 augures
978 2248 1057 2324 qnod
1073 2249 1164 2306 creati
1181 2255 1251 2306 sunt
1265 2249 1296 2306 in
1309 2246 1444 2324 Capuam

112 2349 256 2408 coloniam
281 2349 402 2424 (Cicero
418 2352 489 2410 del.
505 2369 566 2428 agr.
583 2351 602 2408 l.
621 2352 672 2427 c),
696 2352 759 2410 sine
782 2351 871 2410 dubio
894 2352 932 2409 ab
954 2351 1078 2426 antiqua
1093 2351 1308 2410 consuetudine
1324 2350 1443 2409 recedit.

112 2449 182 2509 Utut
202 2453 240 2510 de
263 2454 393 2532 singulis
416 2453 606 2526 iudicabitur,
629 2453 750 2512 inventa
771 2454 837 2530 lege
854 2451 1003 2512 Genetiva
1026 2453 1078 2512 vix
1103 2454 1214 2530 poterit
1236 2453 1364 2511 dubitari
1385 2463 1444 2512 ter·

111 2554 222 2612 narium
237 2575 396 2614 numerum
412 2577 430 2614 a
444 2557 579 2633 pristinis
594 2556 729 2615 tribubus
746 2556 842 2614 tribus
858 2555 1014 2614 deductum
1029 2555 1144 2632 origine
1160 2556 1249 2614 etiam
1265 2555 1296 2614 in
1308 2555 1444 2632 collegiis

112 2658 348 2716 sacerdotalibus
363 2657 541 2717 Latinorum
564 2677 712 2735 peraeque
734 2659 918 2734 regnavisse.
936 2691 975 2700 -
991 2656 1130 2716 Ceterum
1147 2657 1183 2716 de
1199 2677 1234 2715 eo
1256 2677 1380 2716 numero
1402 2659 1445 2716 ita

112 2757 140 2814 in
159 2761 225 2836 lege
249 2770 385 2834 cavetur,
409 2761 513 2838 utqui
536 2762 664 2837 primum
692 2761 820 2837 collegia
845 2760 1011 2818 ordinaturi
1040 2769 1109 2818 sunt
1135 2779 1171 2818 eo
1198 2778 1257 2818 non
1285 2769 1444 2820 teneantur

111 2861 203 2938 iisque
225 2864 319 2922 liceat
341 2863 388 2922 vel
410 2882 503 2939 supra
525 2883 593 2922 eum
610 2882 766 2921 numerum
789 2863 945 2938 pontifices
968 2878 1156 2938 auguresque
1175 2882 1290 2934 ereare3
1313 2863 1394 2938 quod
1418 2863 1444 2921 si

111 2963 215 3026 factum
242 2967 313 3038 erit,
341 2966 514 3042 pontificum
536 2983 740 3044 augurumque
763 2966 874 3022 creatio
904 2965 961 3022 hac
987 2964 1053 3042 lege
1076 2965 1215 3026 ordinata
1240 2974 1303 3024 tum
1325 2967 1442 3024 demum

112 3068 239 3145 incipiet,
260 3090 329 3130 eum
352 3071 479 3148 collegia
500 3071 578 3130 infra
598 3071 761 3129 ternarium
784 3089 940 3128 numerum
963 3089 1031 3130 esse
1053 3069 1223 3146 coeperint'

189 3175 327 3260 Primam
348 3176 535 3236 sacerdotum
557 3175 796 3234 constitutionem
822 3174 860 3232 ad
882 3194 949 3232 eum
975 3175 1124 3250 pertinere
1146 3176 1196 3251 qui
1219 3173 1369 3233 coloniam
1391 3173 1440 3230 de·
1465 3171 1568 3220 creatio

114 3275 251 3339 ducturus
276 3280 318 3338 sit
338 3289 368 3338 et
389 3298 443 3354 per
465 3297 497 3336 se
518 3278 702 3356 intellegitur
728 3288 758 3335 et
779 3277 816 3335 de
838 3274 943 3352 Capua
965 3278 1083 3336 colonia
1108 3277 1217 3336 diserte
1241 3275 1346 3336 Cicero
1369 3277 1441 3334 scri·
1468 3257 1571 3318 imm·

112 3378 151 3436 bit
171 3379 222 3455 (de
243 3381 264 3438 l.
290 3400 353 3458 agr.
377 3379 405 3452 2,
422 3381 472 3452 35,
489 3380 545 3440 96:
574 3381 628 3440 luo
655 3383 704 3438 isti
730 3381 879 3437 decemuiri
905 3398 967 3438 cum
988 3379 1053 3442 100
1077 3382 1241 3438 colonorum
1262 3381 1438 3449 deduxerint,
1458 3345 1581 3482 33:¹2

113 3491 215 3540 cenum
237 3485 415 3554 decuriones,
439 3485 530 3542 decem
552 3501 684 3558 augures,
712 3501 761 3540 aea
781 3483 929 3558 pontifices
952 3482 1165 3558 constituerint).
1209 3481 1327 3540 Deinde
1348 3483 1438 3540 comi·

113 3582 158 3640 tiis
185 3585 359 3644 sacerdotes
386 3593 526 3644 creantur
552 3605 570 3642 a
596 3584 739 3656 duoviris,
766 3584 878 3659 pariter
904 3590 994 3659 atque
1020 3584 1078 3659 ipsi
1107 3583 1223 3642 duoviri
1253 3583 1291 3659 (c.
1309 3583 1379 3659 68);
1409 3593 1442 3641 nt

113 3684 298 3746 Modestinus
321 3705 438 3764 quoque
461 3687 614 3764 (bigas,
633 3688 680 3758 14,
706 3687 732 3757 1,
751 3686 782 3760 l)
805 3685 870 3761 lege
891 3686 970 3744 Iulia
992 3686 1121 3744 ambitus
1144 3686 1186 3743 ait
1207 3685 1310 3756 teneri,
1336 3686 1441 3760 quiin

113 3789 271 3864 municipio
294 3799 484 3848 contraeunt
509 3790 605 3866 legem
628 3788 835 3864 magistratum
862 3797 914 3846 ant
934 3787 1132 3846 sacerdotium
1154 3786 1280 3863 petierit.
1324 3786 1441 3844 Indicta

114 3891 228 3950 comitia
250 3892 278 3950 si
300 3911 353 3968 per
375 3892 508 3966 aliquam
530 3909 651 3950 oausam
674 3891 758 3950 irrita
779 3891 863 3960 fiunt,
887 3909 905 3946 a
927 3889 1050 3947 duoviro
1072 3887 1277 3965 prodinuntur.
1319 3887 1440 3948 Oreatio

112 3994 325 4065 perminorem
347 4001 463 4070 partem
484 3994 599 4070 populi,
620 3991 720 4069 qualis
735 3991 851 4049 Romae
866 3991 1002 4062 obtinuit,
1025 3991 1063 4050 ad
1085 3991 1219 4049 colonias
1240 4009 1299 4048 non
1322 3990 1441 4048 videtur

113 4105 245 4165 porrecta
256 4113 344 4174 esse.
390 4094 538 4156 Sacerdos
559 4114 612 4172 per
632 4093 754 4154 comitia
772 4100 891 4151 creatus
911 4093 1004 4151 nihilo
1019 4093 1117 4150 minus
1133 4093 1239 4151 dieitur
1254 4093 1341 4152 lectus
1358 4111 1439 4168 coop-

115 4201 217 4256 tutcsoc
239 4197 377 4274 (ll,'13;
401 4199 438 4256 cf.
463 4196 642 4257 Stactarcclzt
663 4195 691 4268 2,
708 4195 745 4254 27
761 4215 789 4254 ιι.
807 4193 849 4271 2).
871 4228 909 4237 -
926 4193 1054 4254 Creatnr
1075 4213 1135 4253 non
1157 4195 1253 4253 solum
1276 4195 1307 4252 in
1330 4194 1439 4252 mortui

114 4293 217 4370 locum,
239 4301 294 4360 sed
316 4300 405 4358 etiarn
428 4300 579 4358 inlocum
602 4299 732 4357 damnati
750 4298 814 4374 (11,
833 4297 896 4372 13),
918 4316 985 4356 cum
1008 4307 1170 4374 auguratus
1190 4297 1294 4373 populi
1309 4296 1439 4355 Romani

113 4417 168 4457 non
190 4401 339 4461 adimatur
360 4402 473 4461 viventi
496 4401 626 4477 (Plinius
649 4420 694 4477 ep.
717 4401 746 4472 4,
763 4401 792 4471 8,
811 4401 842 4470 13
866 4399 1018 4458 Plutarch.
1041 4418 1071 4475 q.
1093 4399 1131 4458 R.
1149 4399 1212 4476 99).

190 4503 334 4563 Pontifex
356 4521 509 4583 augurque
532 4502 666 4562 coloniae
682 4500 848 4562 Genetivae
870 4509 903 4560 nt
924 4502 992 4578 quis
1015 4503 1077 4571 fiat,
1099 4501 1175 4560 nihil
1197 4501 1358 4577 requiritur
1379 4500 1438 4559 nisi

114 4619 208 4661 exea
234 4606 354 4664 colonia
385 4614 418 4664 ut
450 4607 490 4664 sit
522 4605 586 4682 (10,
603 4605 672 4681 31);
705 4604 736 4663 id
769 4604 849 4681 quod
882 4623 949 4662 oum
982 4603 1099 4682 legibus
1121 4603 1267 4662 Romanis
1300 4601 1439 4660 convenit

115 4701 305 4774 (Stactsreclrt
325 4706 409 4780 2,17
432 4727 460 4766 n.
477 4707 520 4783 4).

191 4808 354 4886 Privilegia
380 4809 569 4870 sacerdotum
598 4809 733 4868 coloniae
760 4828 796 4867 ea
822 4809 884 4868 fere
913 4816 991 4882 sunt,
1025 4826 1102 4885 quae
1128 4815 1247 4866 constat
1273 4806 1437 4865 obtinuisse
1446 4793 1584 4859 privilegia

116 4909 187 4981 apud
208 4910 371 4970 Romanos.
1457 4871 1575 4994 saffiro-

194 5014 220 5070 1.
262 5014 458 5073 Praetextam
480 5020 587 5091 gerunt
609 5013 779 5071 sacerdotes
801 5032 860 5072 non
886 5013 966 5070 omni
993 5020 1126 5088 tempore
1147 5010 1284 5087 locoque,
1317 5019 1350 5069 ut
1375 5030 1436 5069 ma·
1447 5019 1585 5069 Praetexta

115 5108 259 5187 gistratus,
282 5116 336 5175 sed
358 5124 421 5174 tum
437 5117 566 5186 demum,
588 5134 655 5173 cum
678 5133 765 5174 sacra
786 5115 906 5190 publica
927 5115 1050 5185 faciunt,
1073 5114 1144 5172 item
1159 5132 1226 5171 cum
1242 5115 1436 5190 magistratus

115 5211 243 5274 coloniae
263 5218 352 5277 ludos
373 5218 492 5294 publice
514 5219 627 5278 faciunt
650 5217 713 5292 (11,
730 5216 774 5292 6).
818 5215 866 5274 De
892 5216 946 5274 illo
973 5234 1030 5274 usu
1057 5216 1185 5292 exposui
1213 5216 1285 5274 alibi
1308 5215 1436 5292 (Stacta-

115 5314 343 5396 rectt12,406);
367 5319 492 5378 hocius
515 5329 546 5378 ut
568 5337 646 5378 nunc
668 5319 795 5394 primum
823 5324 963 5376 testatum
991 5317 1146 5390 habemus,
1173 5317 1225 5390 ita,
1254 5337 1319 5377 cum
1347 5318 1436 5377 etiam
