3614 6054
196 589 209 612 ·
294 549 370 620 324
870 567 1056 622 nouusnn

294 751 324 803 et
334 761 430 820 nuper
442 741 517 802 adeo
529 742 661 801 tabulam
673 761 791 801 aeream
804 761 842 800 ex
853 740 1005 818 Hispania
1016 741 1175 801 habuimus
1191 741 1234 818 (p.
1251 741 1324 820 166)
1342 744 1491 820 utrimque
1504 745 1547 804 ita
1562 765 1629 822 per·

295 847 447 925 scriptam,
462 853 495 903 ut
507 845 629 904 alteram
642 845 819 922 scripturam
835 854 995 922 appareret
1009 852 1101 903 totam
1117 845 1259 904 reiectam
1275 863 1343 914 esse
1358 854 1482 922 propter
1494 847 1629 908 mendas.

294 949 356 1009 Ubi
385 956 483 1008 autem
506 947 654 1006 eiusmodi
676 948 901 1006 emendationes
924 955 1095 1019 cernuntur,
1123 948 1302 1007 secundaria
1329 949 1478 1025 scriptura
1498 949 1559 1008 fere
1581 952 1632 1008 de·

294 1051 387 1110 terior
413 1068 480 1110 esse
506 1050 597 1121 solet,
624 1060 657 1108 ut
678 1050 727 1109 bic
748 1067 867 1126 quoque
889 1050 997 1108 evenit.
1041 1049 1114 1125 Ipsa
1139 1050 1309 1109 litteratura
1334 1053 1430 1128 partis
1453 1053 1631 1130 posterioris

298 1164 333 1213 nt
353 1154 487 1231 pessima
509 1161 565 1225 est,
593 1153 636 1210 ita
657 1152 778 1210 minime
800 1159 957 1229 suspecta;
984 1153 1075 1210 immo
1103 1153 1269 1228 scripturae
1291 1155 1447 1230 utriusque
1469 1156 1562 1232 partis
1587 1156 1632 1213 di-

298 1258 427 1316 versitas
461 1255 531 1314 talis
563 1255 625 1313 fere
657 1262 713 1327 est,
747 1255 845 1332 qualis
878 1254 1036 1314 intercedit
1066 1255 1097 1314 in
1131 1255 1296 1332 privilegiis
1327 1264 1535 1316 veteranorum
1563 1259 1630 1316 aevi

297 1357 473 1438 posterioris
494 1358 573 1415 inter
595 1357 773 1432 scripturam
796 1357 891 1434 partis
914 1357 1074 1416 exterioris
1098 1377 1165 1414 vere
1188 1359 1368 1417 destinatam
1391 1359 1513 1418 lecturis
1530 1368 1566 1418 ‚et
1585 1361 1632 1417 in-

299 1463 437 1522 teriorem
466 1459 608 1537 scriptam
630 1460 728 1536 magis
751 1468 784 1517 ut
807 1478 866 1518 non
889 1461 1009 1518 abesset
1030 1477 1118 1536 quam
1141 1467 1174 1518 ut
1195 1460 1351 1536 legeretur.
1397 1459 1476 1534 Quid
1498 1463 1579 1538 qnod
1601 1465 1633 1521 in

298 1567 366 1642 ipsa
391 1573 476 1641 parte
504 1563 658 1640 superiore
685 1562 818 1620 ciusdem
845 1562 1031 1622 litteraturae
1056 1561 1167 1620 iudicia
1188 1563 1334 1638 quaedam
1362 1563 1632 1640 deprehenduntur,

300 1677 333 1727 ut
354 1688 379 1726 e.
403 1686 428 1725 c.
452 1665 470 1724 5
493 1663 554 1736 fin,
577 1665 627 1724 ubi
650 1677 784 1722 insanis
808 1665 982 1724 Viscontius
1006 1664 1107 1738 edidit,
1131 1673 1265 1724 extrema
1287 1665 1387 1724 littera
1407 1666 1485 1726 hanc
1506 1667 1633 1726 formam

300 1771 390 1830 babet
417 1763 561 1861 insanas,
587 1767 658 1826 item
685 1787 712 1824 v.
737 1766 754 1824 6
778 1768 846 1826 sin
870 1781 984 1826 caesae
1010 1767 1217 1844 neglegentius
1244 1776 1371 1826 exarata
1399 1780 1455 1841 est,
1482 1776 1515 1827 ut
1539 1789 1634 1847 prope

300 1871 424 1931 accedat
451 1870 489 1928 ad
519 1889 584 1927 eam
606 1869 732 1946 figuram
755 1888 833 1946 quae
858 1869 888 1928 in
910 1869 1127 1946 posterioribus
1154 1877 1268 1947 regnat.
1313 1871 1390 1929 Tam
1414 1889 1512 1930 sermo
1535 1881 1634 1930 autem

301 1993 391 2052 quam
414 1972 628 2050 orthographia
649 1971 744 2048 partis
766 1971 917 2031 inferioris
939 1973 1029 2049 plane
1050 1973 1231 2030 conveniunt
1246 1992 1312 2031 cum
1335 1974 1498 2049 superiore,
1520 1983 1636 2034 utnon

303 2077 400 2136 solum
423 2075 540 2134 soloece
568 2083 598 2134 et
624 2075 750 2133 barbare
776 2075 889 2150 scripta
914 2075 1003 2151 plane
1026 2075 1135 2148 absint,
1162 2075 1215 2132 sed
1237 2075 1327 2133 etiam
1349 2077 1380 2134 in
1402 2076 1523 2148 talibus,
1546 2077 1637 2152 quale

303 2187 350 2238 est
376 2188 502 2236 extruere
534 2178 598 2235 sine
624 2197 638 2235 a
665 2177 763 2234 littera
791 2177 1011 2254 similibusque,
1039 2178 1090 2253 qui
1116 2178 1190 2235 baec
1222 2178 1344 2252 scripsit
1370 2181 1500 2256 optimae
1527 2181 1637 2238 aetatis

302 2281 549 2341 consuetudinem
571 2287 691 2339 secutus
714 2296 781 2338 esse
803 2279 980 2338 inveniatur.
1025 2281 1243 2358 Argumentum
1266 2280 1394 2357 denique
1416 2281 1494 2339 tituli
1516 2283 1638 2340 doctum

305 2403 377 2444 sane
395 2383 474 2442 infra
490 2383 646 2441 exordiae
662 2381 861 2441 enarrandum
883 2382 1004 2441 omnino
1027 2400 1120 2460 supra
1141 2383 1296 2441 falsarium
1320 2390 1366 2441 est
1387 2383 1456 2441 licet
1478 2384 1636 2442 eruditum.

304 2487 412 2562 Itaque
438 2485 511 2544 mibi
534 2485 654 2561 quidem
680 2493 797 2544 constat
822 2485 994 2543 universnm
1016 2484 1134 2543 titulum
1162 2485 1305 2562 scriptum
1332 2503 1397 2544 esse
1419 2487 1542 2562 antiquo
1565 2498 1640 2546 tem—

304 2608 377 2667 pore
405 2606 501 2663 neque
527 2567 662 2646 fraudem
689 2587 719 2645 in
743 2606 808 2646 eum
832 2595 1000 2665 grassatam
1022 2604 1099 2645 esse.
1144 2587 1265 2664 Typum
1293 2595 1392 2646 autem
1419 2608 1493 2665 prae
1516 2607 1549 2647 se
1570 2590 1643 2648 ferit

306 2691 458 2768 scriptura
490 2689 555 2748 aevi
588 2709 648 2748 non
679 2691 821 2766 Augusti,
854 2690 907 2749 sed
934 2689 1141 2761 Antoniniani,
1164 2689 1195 2747 id
1217 2691 1297 2766 quod
1320 2687 1497 2750 Viscontius
1520 2709 1642 2769 quoque

306 2813 372 2852 curn
398 2800 479 2851 recte
504 2791 721 2864 intellexisset,
748 2793 878 2868 priorem
905 2803 1021 2870 partem
1049 2811 1085 2850 ea
1106 2800 1203 2850 aetate
1231 2811 1270 2850 ex
1293 2793 1360 2851 aevi
1382 2793 1513 2872 Augusti
1537 2795 1644 2853 arche-

307 2906 379 2974 typo
407 2896 576 2954 restitutam
603 2913 670 2954 esse
696 2895 858 2954 contendit.
901 2893 997 2954 Nobis
1025 2895 1076 2970 qui
1103 2901 1196 2952 totum
1224 2895 1343 2953 titulum
1371 2896 1431 2972 ipsi
1453 2898 1574 2963 saeculo
1598 2917 1645 2957 se-

309 2999 407 3058 cundo
430 2998 563 3075 vergenti
585 2997 962 3072 adiudicamuseiusmodi
984 2997 1131 3056 machinis
1155 2997 1323 3056 artificiosis
1347 3017 1424 3075 opus
1447 3010 1584 3060 nonest.

392 3101 470 3159 Eum
493 3101 528 3158 de
551 3119 610 3176 quo
633 3101 731 3176 agitur
751 3100 787 3158 P.
809 3099 957 3158 Lucilium
980 3098 1016 3158 P.
1032 3099 1052 3157 f.
1076 3099 1111 3157 P.
1135 3119 1164 3158 n.
1186 3099 1222 3156 P.
1246 3081 1369 3176 pronep'.
1393 3099 1553 3160 Gamalam
1574 3087 1646 3179 ipsa

311 3225 347 3264 ea
379 3203 524 3262 maiorum
558 3203 741 3262 enumeratio
780 3204 837 3261 bac
869 3203 1046 3279 praesertim
1080 3210 1176 3260 aetate
1209 3202 1283 3261 satis
1316 3202 1428 3262 indicat
1460 3223 1499 3262 ex
1530 3205 1648 3266 familia

310 3306 468 3366 oriundum
496 3322 563 3364 esse
592 3305 672 3364 domi
698 3305 805 3378 nobili3
838 3306 869 3364 id
894 3306 975 3382 quod
1000 3305 1179 3363 confirmant
1205 3304 1282 3362 tituli
1306 3303 1464 3365 Ostienses
1493 3307 1556 3381 alii,
1581 3310 1646 3386 pri-

310 3428 392 3469 mum
413 3408 558 3467 fastorum
579 3407 779 3486 fragmentum
795 3407 866 3466 olim
889 3408 927 3466 ad
950 3407 1121 3484 exemplum
1138 3405 1230 3467 Sartii
1252 3425 1271 3464 a
1290 3426 1337 3464 me
1358 3407 1389 3464 in
1412 3409 1487 3468 actis
1503 3408 1646 3488 Lipsien-

312 3513 396 3571 sibus
425 3530 484 3569 una
509 3529 577 3568 curn
603 3511 661 3569 hoc
686 3510 774 3568 titulo
800 3510 914 3587 publici
939 3510 1014 3568 iuris
1040 3509 1162 3581 factum,
1189 3509 1249 3567 iam
1275 3518 1426 3587 receptum
1453 3511 1485 3568 in
1508 3513 1647 3592 syllogen

310 3614 537 3674 Hennenianam
558 3634 588 3671 n.
607 3612 698 3686 6443,
725 3613 777 3672 ubi
800 3633 826 3670 a.
854 3612 890 3670 19
913 3631 943 3689 p.
968 3610 1038 3671 chr.
1066 3611 1172 3670 duovir
1197 3611 1333 3690 procedit
1354 3611 1390 3670 P.
1413 3611 1549 3673 Lucilius
1572 3614 1647 3691 G[a·

313 3717 418 3794 mulu];
442 3716 548 3774 deinde
564 3715 736 3775 Orellianus
758 3733 787 3772 n.
805 3713 896 3787 3970,
919 3713 949 3772 in
971 3732 1031 3790 quo
1053 3714 1163 3791 legitur
1186 3715 1335 3773 ...ultus
1355 3713 1482 3774 Gamala
1503 3721 1549 3774 uir
1570 3719 1598 3776 b.
1614 3740 1647 3778 u.

314 3819 735 3897 l.s.p.1)‚1lotrtooumu
761 3819 788 3875 d.
812 3859 903 3876 .....
916 3838 924 3889 ;
954 3817 1081 3893 denique
1108 3817 1196 3876 bases
1224 3816 1300 3875 duae
1327 3817 1439 3876 saeculi
1464 3818 1572 3894 opinor
1600 3837 1649 3879 se-

314 3922 402 3981 cundi
425 3942 443 3980 a
458 3919 513 3980 On.
531 3919 634 3982 Sentio
649 3919 768 3979 Lucilio
785 3919 915 3979 Gamala
931 3918 1078 3979 Clodiano
1099 3919 1253 3978 dedicatae
1273 3919 1409 3994 patribus
1429 3928 1490 3978 tam
1505 3921 1650 3999 adoptivo

315 4023 369 4085 Cn.
394 4021 497 4084 Sentio
525 4023 622 4081 Felici
649 4021 760 4098 (Orelli
783 4023 878 4099 4109)
913 4041 1003 4098 quam
1030 4021 1161 4080 naturali
1188 4022 1222 4079 P.
1246 4021 1362 4080 Lucilio
1386 4020 1526 4081 Gumulue
1555 4025 1651 4100 (Mur.

318 4126 467 4202 11647).
513 4125 573 4186 Sed
602 4124 733 4186 Gamala
758 4125 784 4184 is
812 4125 848 4184 de
876 4143 936 4200 quo
963 4125 1080 4201 agimus
1108 4125 1145 4184 ab
1171 4123 1219 4182 his
1246 4125 1382 4184 diversus
1408 4125 1497 4184 suerit
1525 4145 1651 4186 necesse

315 4239 374 4301 est;
403 4248 471 4286 nam
494 4228 622 4304 primum
649 4228 792 4305 temporis
819 4229 951 4286 rationes
979 4227 1151 4299 excludunt,
1179 4226 1339 4286 secundum
1368 4227 1497 4286 honores
1526 4229 1651 4303 diversi,

315 4333 434 4391 tertium
456 4331 537 4406 quod
559 4331 689 4389 honores
712 4331 810 4389 nullos
832 4331 935 4408 gessit,
963 4349 1059 4406 neque
1083 4331 1161 4388 enim
1183 4330 1263 4388 lilius
1286 4348 1338 4390 eos
1360 4331 1391 4388 in
1413 4339 1498 4405 patre
1520 4334 1654 4392 naturali

316 4433 473 4506 tacuisset,
504 4452 571 4492 cum
597 4435 692 4509 patris
720 4433 854 4510 adoptivi
880 4434 1008 4492 honores
1036 4433 1156 4509 copiose
1182 4441 1308 4490 enarret.
1351 4432 1474 4492 Vixisse
1506 4433 1587 4492 hunc
1614 4436 1653 4494 ab

317 4537 460 4596 extremis
482 4535 667 4613 temporibus
684 4535 810 4594 Traiani
833 4536 872 4594 ad
893 4544 1030 4594 extrema
1044 4536 1140 4594 Marci
1161 4555 1200 4594 ex
1222 4535 1302 4593 infra
1325 4534 1459 4594 dicendis
1482 4537 1666 4613 apparebit.¹

400 4639 538 4697 Priorem
564 4637 683 4697 titulum
710 4648 780 4715 post
806 4647 932 4696 mortem
961 4636 1104 4696 Gamalae
1132 4639 1265 4714 positum
1295 4655 1363 4696 esse
1392 4656 1458 4696 curn
1486 4656 1525 4696 ex
1553 4639 1655 4716 capite

319 4750 454 4800 extremo
476 4747 556 4799 certo
579 4741 747 4817 colligatur,
769 4741 847 4800 idern
867 4741 904 4799 de
924 4741 1091 4815 posteriore
1105 4741 1263 4817 probabile
1284 4748 1344 4812 est;
1367 4740 1496 4798 bonores
1518 4739 1599 4798 enim
1622 4751 1653 4800 et

319 4843 487 4902 sacerdotia
507 4843 617 4919 prioris
639 4843 719 4902 tituli
740 4843 771 4901 in
794 4845 960 4920 posteriore
982 4861 1084 4901 omnes
1110 4842 1238 4902 redeunt
1258 4843 1466 4902 accedentibus
1492 4861 1553 4900 non
1576 4862 1654 4919 pau-

397 5169 420 5232 1)
440 5171 577 5222 Praecedit
593 5168 688 5222 XXuir
707 5171 731 5222 Ιι.
752 5190 776 5222 α.
797 5171 821 5224 b.
841 5189 860 5222 s.
878 5189 922 5240 p.;
948 5189 993 5223 eae
1016 5173 1116 5222 litterae
1140 5173 1166 5222 in
1191 5173 1241 5222 hoc
1265 5172 1320 5222 solo
1345 5171 1431 5236 lapide
1450 5171 1571 5222 inventae
1591 5173 1655 5237 quid

320 5264 471 5328 significent,
493 5264 577 5314 adhuc
598 5265 737 5332 ignoratur.
