3632 6040
350 559 398 632 80
920 579 1102 632 uouusuu

433 755 566 812 Primum
595 761 625 812 et
651 753 781 812 fortasse
807 755 938 812 omnium
967 754 1131 812 maximum
1158 765 1214 826 est,
1242 756 1322 830 quod
1351 774 1430 813 nuuc
1459 757 1589 813 demum
1617 757 1690 814 clare

350 868 474 935 apparet
505 858 564 915 duo
594 876 705 934 genera
733 874 769 913 eo
802 852 1059 934 tempore'fuisse
1089 857 1290 928 decurionum,
1325 857 1438 917 scilicet
1470 859 1555 916 alios
1584 859 1636 934 qui
1661 860 1691 916 iu

350 962 434 1018 ouria
457 960 593 1018 sederent
615 969 645 1017 et
666 959 713 1016 ius
736 958 882 1017 haberent
904 961 1070 1032 sententiae
1092 959 1129 1018 de
1156 959 1246 1018 rebus
1273 959 1403 1036 publicis
1426 959 1589 1034 ferendae,
1618 961 1690 1019 alios

350 1064 404 1138 qui
431 1081 555 1121 munera
581 1061 791 1120 decurionatus
819 1062 964 1133 subirent,
991 1061 1165 1138 suffragium
1188 1073 1286 1120 autem
1312 1063 1345 1120 in
1374 1063 1460 1120 curia
1484 1081 1550 1121 non
1573 1062 1690 1120 ferrent.

350 1165 391 1222 Et
412 1164 481 1223 illos
504 1163 625 1239 quidem
647 1163 768 1239 proprie
790 1163 903 1222 ordinis
931 1165 1077 1224 vocabulo
1100 1165 1270 1241 significari
1285 1164 1391 1222 titulus
1414 1165 1567 1238 ostendit,
1591 1183 1690 1241 quam-

351 1287 441 1345 quam
469 1287 506 1326 ne
533 1267 591 1325 hoc
616 1265 737 1341 quidem
764 1283 840 1342 nego
863 1267 1021 1342 aliquoties
1044 1267 1149 1324 latiore
1173 1285 1263 1326 sensu
1284 1275 1462 1343 usurpatum
1487 1285 1576 1340 esse3
1607 1268 1690 1326 decu-

351 1371 444 1429 rionis
472 1377 569 1428 autem
598 1386 705 1426 nomen
737 1369 875 1444 generale
907 1377 954 1428 est
983 1379 1012 1427 et
1039 1369 1077 1428 ad
1104 1370 1229 1428 alterum
1259 1388 1377 1446 quoque
1409 1387 1509 1446 genus
1545 1371 1688 1446 pervenit.

351 1472 458 1550 Neque
480 1473 638 1531 diversitas
654 1491 691 1528 ea
710 1489 815 1528 recens
837 1481 894 1542 est,
917 1471 969 1530 sed
990 1471 1068 1530 redit
1088 1472 1126 1530 ad
1147 1472 1246 1549 ipsum
1262 1473 1390 1550 Augusti
1413 1481 1545 1531 senatus
1561 1472 1689 1530 Romani

352 1575 579 1634 ordinationem.
624 1572 745 1633 Scilicet
767 1592 806 1631 ex
828 1591 888 1649 quo
912 1575 1065 1632 senatoria
1080 1575 1216 1632 condicio
1238 1584 1299 1633 tam
1314 1575 1430 1634 Romae
1453 1595 1552 1651 quam
1565 1559 1608 1633 'in
1630 1595 1688 1632 mu·

352 1679 473 1756 nicipiis
495 1675 677 1736 hereditaria
698 1693 765 1734 esse
788 1677 896 1753 coepit,
918 1679 1091 1735 necessario
1113 1677 1181 1735 inde
1204 1687 1325 1737 enatum
1347 1685 1394 1736 est
1420 1678 1593 1736 discrimen
1617 1677 1689 1734 inter

354 1788 507 1839 senatores
535 1780 749 1838 decurionesve
773 1779 823 1855 qui
851 1787 952 1837 assent
978 1788 1007 1838 et
1034 1781 1084 1856 qui
1112 1780 1177 1838 fieri
1199 1788 1324 1857 possent
1353 1780 1550 1851 deberentve,
1580 1779 1613 1836 id
1638 1788 1688 1850 est,

352 1893 385 1943 ut
410 1885 494 1942 aiunt
515 1883 598 1958 leges
622 1881 757 1940 Valentis
781 1889 810 1938 et
833 1878 972 1940 Gratiani
995 1879 1084 1957 (Cod.
1108 1881 1367 1958 Iust.1a,1,11)
1390 1892 1419 1942 et
1441 1882 1579 1941 Honorii
1603 1879 1687 1956 (God.

353 1987 411 2044 Th.
437 1987 485 2057 16,
502 1984 530 2057 5,
547 1984 611 2060 52),
639 1985 715 2042 inter
738 1992 893 2041 senatores
915 1985 1035 2060 proprie
1057 1983 1186 2060 uiet0s1)
1213 1992 1243 2042 et
1262 1985 1449 2044 clarissimos
1475 1985 1537 2056 vel,
1567 1992 1600 2042 ut
1622 1983 1687 2042 defi·

352 2091 433 2147 nitur
455 2089 486 2145 in
508 2107 577 2145 aere
600 2085 761 2158 Canusino,
786 2086 863 2144 inter
885 2087 1061 2145 decuriones
1085 2085 1109 2145 C
1131 2094 1161 2146 et
1183 2095 1389 2162 praetextatos
1411 2087 1516 2146 XXV.
1564 2087 1613 2144 De
1635 2087 1709 2142 hoc'

353 2191 515 2264 nonsatis
546 2195 663 2248 constat
685 2188 832 2246 senatoris
861 2188 1069 2248 decurionisve
1095 2188 1176 2248 filius
1204 2195 1255 2266 qui
1282 2190 1320 2247 ad
1348 2198 1478 2248 aetatem
1508 2190 1686 2249 senatoriam

354 2297 525 2370 pervenerit
547 2310 605 2368 quo
627 2291 692 2348 iure
715 2291 764 2362 sit,
787 2299 817 2348 et
834 2291 899 2348 fieri
920 2299 1020 2368 potest
1034 2299 1068 2348 ut
1090 2291 1162 2349 alibi
1184 2292 1262 2350 aliae
1284 2292 1367 2370 leges
1390 2294 1482 2352 daea
1503 2313 1538 2351 re
1561 2292 1687 2349 obtinue-

353 2398 427 2467 rint3
449 2395 567 2453 videtur
589 2402 689 2451 tamen
711 2413 772 2452 non
795 2403 855 2452 tam
878 2394 945 2469 ipso
967 2395 1032 2452 iure
1052 2402 1173 2471 propter
1196 2402 1323 2454 aetatem
1344 2395 1466 2453 decurio
1490 2395 1592 2453 factus
1615 2411 1685 2461 esse,

355 2500 409 2556 sed
430 2497 594 2556 secundum
616 2497 711 2572 legem
733 2496 884 2572 publicam
911 2497 1157 2571 municipalemve
1181 2505 1232 2556 aut
1258 2499 1370 2556 honore
1398 2509 1498 2574 gesto,
1524 2505 1557 2556 ut
1578 2497 1685 2555 Romae

355 2601 493 2671 obtinuit,
521 2607 573 2658 aut
597 2600 628 2658 in
651 2598 797 2657 demortui
827 2599 928 2656 locum
956 2619 973 2654 a
1000 2599 1178 2674 magistratu
1205 2602 1236 2658 in
1268 2601 1369 2658 album
1395 2601 1511 2658 relatus
1542 2600 1607 2676 (lex
1632 2597 1683 2653 lul.

355 2723 434 2761 mun.
457 2722 485 2760 v.
507 2703 544 2760 83
567 2702 655 2777 seq),
701 2699 891 2775 Quamquam
922 2699 1066 2760 Canusini
1094 2703 1286 2778 praetextati,
1313 2721 1380 2760 cum
1415 2703 1598 2779 praesertim
1631 2719 1682 2760 non

355 2806 453 2864 minus
479 2823 570 2880 quam
603 2805 777 2862 decuriones
811 2811 892 2860 certo
924 2822 1047 2861 numero
1079 2804 1171 2862 fuisse
1197 2806 1363 2876 videantur,
1396 2805 1531 2864 fortasse
1565 2823 1601 2864 eo
1627 2804 1683 2860 iure

355 2909 484 2978 suerunt,
507 2915 540 2965 ut
561 2914 718 2984 praetexta
739 2905 838 2982 posita
861 2907 963 2964 statim
985 2907 1068 2965 locus
1091 2907 1128 2965 iis
1152 2907 1273 2966 daretur
1294 2908 1325 2965 in
1347 2908 1437 2966 curia.
1483 2905 1547 2966 Sed
1570 2905 1682 2964 meliore

356 3019 453 3068 aetate
486 3010 543 3066 hoc
576 3009 735 3067 discrimen
761 3008 912 3084 quomodo
945 3015 1102 3067 tractatum
1136 3011 1188 3082 sit,
1222 3011 1253 3066 in
1280 3009 1378 3068 medio
1404 3009 1621 3086 relinquemus,
1651 3023 1681 3062 eo

356 3114 486 3172 contenti
514 3112 594 3188 quod
623 3119 769 3186 quatenus
790 3111 959 3187 pervenerit
986 3111 1105 3169 saeculo
1128 3121 1236 3186 quarto
1264 3111 1396 3170 certain
1418 3112 1537 3185 Africa,
1565 3112 1624 3168 iam
1643 3108 1681 3164 lu·

355 3217 489 3273 culenter
515 3213 706 3289 intellegitur.
750 3213 797 3270 Eo
824 3221 958 3289 tempore
986 3232 1051 3271 cum
1080 3213 1154 3272 satis
1182 3223 1298 3272 constet
1327 3214 1521 3274 decurionem
1544 3232 1604 3272 non
1628 3221 1681 3269 tam

356 3319 421 3376 fieri
444 3317 639 3392 (quamquam
666 3323 766 3392 potest
791 3315 880 3374 etiam
909 3316 1008 3393 adlegi
1033 3336 1072 3374 ex
1098 3316 1238 3392 plebeiis)
1266 3335 1357 3391 quam
1384 3317 1468 3375 nasci
1498 3309 1680 3393 (O.Th.12‚

360 3423 386 3492 l,
404 3419 477 3489 1183
509 3419 544 3476 cf.
571 3403 774 3478 Gothofredus
797 3419 887 3475 adh.
909 3427 931 3476 t.
953 3439 982 3494 p.
1000 3418 1075 3493 353)
1103 3437 1198 3493 neque
1225 3427 1328 3476 natum
1357 3439 1374 3475 a
1401 3419 1564 3478 decurione
1591 3419 1681 3493 ipsum

357 3522 563 3580 condicionem
591 3520 647 3578 sibi
676 3529 792 3578 mutare
819 3539 920 3597 posse,
949 3522 1067 3579 decurio
1094 3521 1242 3579 eiusmodi
1263 3521 1294 3578 in
1319 3521 1426 3579 Africa
1453 3521 1606 3598 obligatus
1632 3515 1680 3574 fuit

357 3625 394 3682 ad
416 3643 541 3681 munera
562 3623 756 3699 municipalia
777 3623 802 3680 ei
827 3622 925 3680 ordini
946 3623 1078 3681 iniuncta
1100 3623 1293 3699 suscipienda
1314 3625 1505 3700 honoresque
1532 3619 1680 3702 gerendae,

359 3726 411 3784 sed
433 3727 464 3783 in
486 3727 583 3801 ipsum
607 3726 740 3783 ordinem
763 3734 899 3802 receptus
923 3745 982 3782 non
1004 3734 1050 3782 est
1071 3725 1128 3784 nisi
1156 3735 1279 3802 propter
1301 3735 1398 3784 certos
1427 3729 1560 3785 honores
1588 3729 1679 3800 gestos

358 3829 572 3886 sacerdotiave.
613 3827 801 3886 Decuriones
824 3846 875 3886 eos
899 3829 962 3886 sine
985 3827 1137 3904 suffragio,
1160 3837 1193 3886 ut
1214 3829 1256 3886 ita
1278 3829 1384 3900 dicam,
1407 3829 1557 3904 intellegit
1573 3823 1679 3883 Paulus

358 3952 424 3990 cum
446 3932 490 3988 ait
512 3930 595 4007 (Dig.
611 3930 661 4002 50,
678 3929 706 4002 2,
724 3931 751 4003 7,
769 3929 816 4006 2>=
839 3935 863 3988 is
891 3935 940 4006 qui
967 3951 1025 3988 uon
1051 3935 1089 3989 cit
1115 3933 1239 4002 decuria,
1270 3933 1452 3989 duumviratu
1476 3933 1523 3991 vel
1549 3930 1616 3988 aliis
1636 3924 1679 3979 ho·

357 4035 473 4092 noridus
495 4037 583 4109 suuqi
608 4052 664 4090 nou
683 4043 784 4108 potest,
812 4033 862 4108 qui
888 4034 974 4090 locus
1003 4052 1070 4090 cum
1098 4034 1137 4090 ad
1163 4035 1317 4110 antiquum
1343 4043 1454 4092 statum
1481 4031 1578 4112 aptari
1604 4024 1678 4086 nullo

358 4137 446 4194 modo
472 4143 562 4210 queat
589 4134 629 4210 (v.
646 4134 740 4192 Kuhn
762 4135 848 4193 stddt.
867 4135 1045 4210 Versaaauuq
1064 4137 1090 4206 1,
1107 4135 1192 4212 231),
1220 4155 1318 4194 rerum
1346 4137 1480 4194 ordinem
1508 4133 1613 4194 aetatis
1639 4144 1678 4184 se-

358 4237 472 4312 quioris
496 4245 632 4294 accurate
653 4245 867 4313 repraesentat.

442 4339 603 4396 Praeterea
630 4357 696 4396 cum
724 4339 823 4396 album
851 4339 1042 4425 decurionum
1065 4342 1244 4418 antiquioris
1274 4343 1380 4400 aetatis
1402 4343 1596 4419 magistratus
1616 4348 1677 4410 pro·

359 4443 424 4520 prie
443 4461 506 4498 non
528 4442 653 4518 recipiat
676 4449 704 4498 et
726 4441 765 4499 ad
786 4443 914 4500 honores
936 4454 1038 4518 gestos
1062 4444 1144 4502 solos
1166 4445 1319 4521 respiciat,
1342 4452 1375 4502 ut
1396 4454 1497 4503 tamen
1518 4444 1613 4500 honor
1632 4429 1676 4508 qui

361 4551 482 4622 geratur
503 4562 558 4620 pro
581 4553 666 4620 gesto
689 4542 877 4620 habeatur2),
904 4545 934 4601 iu
961 4545 1065 4604 ordine
1096 4548 1207 4604 saeculi
1230 4547 1328 4623 quarti
1355 4557 1543 4606 recensentur
1563 4539 1676 4617 quibus·

360 4666 486 4724 cumque
512 4648 559 4704 ius
590 4655 636 4704 est
663 4646 694 4703 in
721 4647 804 4704 curia
830 4646 966 4719 sedendi,
997 4649 1165 4725 maioreque
1192 4669 1230 4708 ex
1258 4657 1342 4725 parte
1370 4650 1548 4708 constitutus
1575 4627 1676 4701 estex

438 4991 463 5058 ¹)
483 4992 599 5042 Abusive
618 5001 749 5044 senatores
763 4971 929 5060 'appellantur
949 4997 1100 5062 quicumque
1125 4999 1269 5047 senatoriae
1289 4997 1449 5045 condicionis
1469 4999 1526 5045 sunt
1543 4991 1561 5038 ii
1583 4990 1673 5050 qss⁰l¹¹⁰

362 5085 406 5148 qui
426 5090 499 5133 extra
519 5087 615 5135 curiam
635 5095 726 5150 essent,
747 5095 775 5137 ut
793 5089 891 5153 pariter
910 5089 936 5138 in
956 5090 1054 5138 ordinis
1075 5090 1199 5138 vocabulo
1219 5091 1340 5140 variatur.

439 5173 463 5250 i)
483 5177 524 5227 Ita
543 5179 571 5227 in
590 5179 649 5228 albo
670 5180 801 5230 Canusino
821 5182 872 5230 duo
892 5183 941 5230 viri
960 5183 1161 5246 quinquennales
1181 5183 1224 5246 qui
1247 5183 1275 5231 id
1298 5181 1463 5230 incidendum
1483 5172 1626 5228 curaverunt
1640 5162 1671 5209 le'

361 5274 454 5333 guntur
473 5269 539 5319 inter
558 5271 795 5336 quinquennalieios
814 5273 872 5322 loco
892 5279 1015 5324 extreme.
