3632 6040
342 566 389 637 64
933 579 1082 631 ronnas

426 755 650 831 Comprobasse
672 755 763 832 igitur
784 753 856 812 mihi
872 753 975 810 videor
998 771 1062 810 eam
1086 770 1152 811 esse
1174 753 1205 809 in
1226 752 1273 810 his
1288 752 1501 828 hemerologiis
1524 752 1673 810 sermonis

339 859 454 936 proprii
476 859 674 917 constantiam
704 856 802 933 qualis
832 863 1024 914 monumento
1053 873 1091 912 ex
1118 854 1193 930 ipsis
1221 853 1381 932 pontificiis
1405 854 1490 912 libris
1513 853 1674 930 desumpto

339 981 394 1020 uec
409 962 594 1038 privatorum
610 959 727 1018 libidini
742 959 874 1017 obnoxio
891 958 1057 1015 conveniat.
1102 957 1181 1032 quod
1203 956 1228 1014 si
1250 963 1330 1015 recte
1346 957 1446 1027 statui,
1469 955 1676 1014 demonstrari

341 1063 467 1122 eandem
483 1062 560 1140 Opis
581 1061 685 1120 aedem
701 1080 759 1118 nou
776 1060 912 1137 potuisse
926 1059 957 1117 in
974 1060 1020 1117 his
1036 1058 1247 1136 hemerologiis
1263 1057 1352 1116 modo
1367 1061 1398 1115 iu
1417 1055 1560 1134 Capitolio
1577 1057 1673 1133 (Vall.

340 1168 417 1242 Aug.
427 1164 481 1240 25)
494 1163 584 1221 modo
598 1165 746 1238 adfurum
759 1161 949 1238 (AmitDec.
961 1161 1012 1236 19)
1026 1161 1101 1231 dici3
1114 1168 1239 1238 apparet
1251 1169 1349 1218 autem
1362 1159 1538 1236 quaestione
1549 1159 1673 1238 dignum

342 1286 408 1326 esse
434 1285 472 1323 an
495 1266 629 1325 eiusdem
651 1264 818 1322 kalendarii
842 1263 938 1321 editor
960 1262 1082 1338 (Amic.)
1106 1263 1229 1321 eandem
1257 1262 1360 1321 aedem
1389 1270 1441 1320 aut
1467 1262 1597 1337 potuerit
1624 1270 1676 1320 aut

340 1369 469 1428 voluerit
491 1368 579 1426 modo
596 1364 719 1425 Saturni
742 1365 795 1442 (17
810 1365 900 1441 Dec.)
923 1367 1013 1423 modo
1030 1363 1107 1441 Opis
1130 1364 1183 1440 (19
1199 1363 1289 1439 Dec.)
1313 1364 1470 1422 adfurum
1493 1364 1602 1423 dicere.
1647 1373 1677 1420 et

341 1473 397 1529 hoc
426 1469 544 1546 quidem
571 1469 620 1526 hic
648 1468 746 1526 editor
772 1488 809 1526 nc
839 1467 909 1525 fecit
935 1468 1068 1544 quidem:
1102 1485 1170 1524 nam
1193 1485 1260 1524 cum
1287 1465 1365 1524 dixit
1384 1465 1510 1542 ser(iae)
1535 1465 1673 1538 Saturno,

340 1571 495 1648 Saturn(a)
518 1573 559 1630 ad
571 1573 673 1646 farum
689 1604 726 1613 -
736 1569 862 1646 ser(iae)
881 1569 946 1646 Opi,
974 1569 1032 1645 Opi
1053 1570 1094 1626 ud
1107 1570 1217 1643 sarum,
1240 1567 1426 1645 inambigua
1450 1577 1529 1628 certe
1550 1568 1676 1644 reliquit

341 1682 441 1733 utrum
464 1671 585 1734 Saturni
612 1682 642 1732 et
663 1672 740 1748 Opis
769 1672 858 1730 aedes
886 1671 924 1730 ad
949 1671 1047 1730 forum
1071 1672 1158 1730 binae
1181 1689 1220 1728 au
1242 1691 1301 1729 una
1322 1673 1477 1748 utriusque
1500 1671 1546 1729 dei
1569 1671 1675 1729 fuerit:

342 1778 367 1835 si
393 1777 450 1834 fuit
476 1796 545 1849 una,
578 1794 651 1834 sane
677 1776 784 1832 mirum
812 1783 859 1832 est
885 1775 965 1850 quod
990 1774 1021 1831 in
1049 1781 1094 1832 tot
1121 1772 1223 1849 templi
1246 1773 1580 1832 commemorationibus
1602 1791 1673 1831 nus-

340 1898 429 1955 quam
456 1879 577 1955 plenum
606 1879 672 1935 eius
699 1895 807 1935 nomen
839 1876 1036 1954 perscriptum
1066 1875 1226 1934 invenitur.
1275 1894 1344 1933 num
1377 1876 1457 1953 quod
1483 1876 1582 1934 solum
1608 1876 1675 1933 eius

340 1982 543 2040 testimonium
566 1980 735 2050 exhibetur,
758 1978 862 2036 titulus
887 1977 939 2036 Or.
966 1978 1055 2049 1506,
1085 1978 1201 2036 nullum
1224 1996 1292 2037 esse
1318 1978 1397 2036 infra
1417 1977 1585 2054 apparebit.
1629 1978 1675 2036 vi-

341 2083 464 2142 deamus
485 2083 578 2159 igitur
593 2081 630 2141 de
644 2080 722 2159 Opis
745 2080 869 2139 aedibus
890 2080 969 2139 binis
985 2063 1167 2157 Saturnique
1187 2099 1247 2138 una
1269 2079 1340 2158 quid
1362 2081 1504 2139 traditum
1526 2081 1565 2138 sit
1586 2098 1675 2156 prae·

341 2196 386 2244 ter
406 2185 620 2262 hemerologia.

426 2290 452 2346 1.
497 2287 598 2346 Aedes
621 2285 699 2364 Opis
722 2287 752 2343 in
775 2284 926 2360 capitolio
948 2285 1070 2343 condita
1096 2292 1141 2342 est
1163 2291 1231 2343 ante
1253 2303 1280 2343 a.
1298 2285 1358 2346 568
1381 2303 1440 2361 quo
1462 2304 1542 2343 anno
1564 2283 1674 2344 Livius

342 2389 391 2461 39,
408 2389 446 2446 22
474 2389 511 2447 dc
537 2409 574 2448 ea
593 2389 669 2447 baec
691 2394 832 2446 testatur:
871 2389 972 2446 addita
1000 2396 1026 2445 et
1047 2406 1133 2445 uuum
1154 2389 1227 2446 diem
1249 2388 1422 2463 supplicatio
1444 2397 1485 2446 cst
1507 2407 1540 2446 ea
1562 2388 1675 2446 decreto

336 2493 511 2567 pontificum,
536 2493 613 2566 quod
633 2492 713 2549 aedis
741 2489 812 2566 Opis
837 2493 867 2547 in
891 2489 1033 2564 Capitolio
1062 2489 1095 2546 de
1122 2490 1199 2548 caelo
1227 2500 1305 2550 tacta
1332 2500 1400 2548 erat.
1444 2491 1487 2548 ita
1512 2489 1591 2548 libri.
1636 2509 1676 2547 ex

340 2591 432 2651 Livio
459 2591 638 2669 Obsequens
665 2611 689 2649 c.
714 2593 746 2650 3:
784 2593 865 2650 aedis
887 2592 966 2649 Iouis
994 2596 1024 2648 iu
1052 2591 1194 2667 Capitolia
1214 2593 1338 2666 fulmine
1366 2596 1424 2651 iata
1451 2602 1506 2651 est:
1540 2593 1676 2667 proclive

342 2705 407 2752 erat
427 2695 559 2753 librariis
581 2695 653 2752 iobis
675 2695 824 2772 corrigere
847 2694 898 2752 ubi
921 2696 984 2769 apis
1006 2694 1148 2752 traditum
1170 2693 1241 2766 fuit;
1263 2713 1352 2754 nemo
1374 2694 1466 2770 igitur
1484 2694 1564 2752 Iouis
1585 2693 1675 2752 Livio

340 2797 520 2856 restituerit:
544 2803 574 2854 et
595 2796 631 2854 cf.
655 2796 741 2855 infra.

426 2899 454 2958 2.
498 2918 525 2957 a.
550 2899 610 2957 710
635 2898 814 2976 Obsequens
844 2918 868 2957 c.
893 2898 946 2958 68:
985 2902 1106 2958 turbinis
1132 2905 1161 2958 ui
1187 2901 1381 2972 simulacrum,
1407 2900 1485 2975 quod
1509 2898 1551 2958 M.
1578 2899 1675 2958 Cicero

337 3003 432 3079 plebis
455 3005 522 3061 scito
546 3010 611 3060 ante
632 3001 733 3060 cellam
755 3002 906 3060 Mineruae
924 3004 1022 3077 pridie
1044 3022 1130 3079 quam
1151 3006 1181 3060 in
1204 3003 1318 3061 erilium
1339 3005 1393 3060 iret
1411 3011 1561 3078 posuerat,
1587 3003 1675 3060 dissi-

337 3114 439 3180 patum
460 3105 589 3162 membris
608 3122 732 3179 pronum
753 3108 851 3176 iacuit,
869 3107 976 3182 fractis
996 3106 1120 3190 ¹ilumeris
1143 3105 1268 3164 brachiis
1291 3107 1399 3180 capite:
1426 3106 1520 3162 dirum
1541 3107 1600 3180 ipsi
1625 3103 1675 3162 Ci-

341 3211 435 3266 cerani
459 3208 612 3283 portendit.
657 3206 773 3265 tabulae
799 3225 903 3266 aeneae
933 3226 965 3266 er
992 3209 1061 3266 aede
1082 3208 1167 3266 Fidei
1196 3209 1305 3266 turbine
1330 3207 1452 3266 evulsae.
1496 3207 1576 3264 aedis
1601 3205 1675 3282 Opis

339 3309 442 3367 valvae
469 3309 611 3383 effractae.
655 3308 740 3367 vides
766 3309 915 3368 turbinem
943 3317 1135 3368 monumenta
1161 3310 1192 3367 in
1215 3307 1367 3386 Capitolio
1395 3309 1454 3367 sita
1480 3317 1510 3366 et
1536 3309 1614 3367 inter
1640 3327 1675 3366 se

340 3411 439 3469 vicina
453 3428 575 3486 pessum
590 3409 719 3469 dedisse.
765 3430 824 3469 non
840 3411 917 3489 fugit
931 3413 988 3470 hoc
1003 3411 1206 3470 testimonium
1222 3410 1375 3487 Nibbyum
1392 3409 1441 3485 (li.
1459 3420 1517 3470 ant.
1534 3409 1562 3483 2,
1582 3409 1674 3486 115):

341 3512 395 3571 sed
416 3513 528 3572 erravit
550 3532 616 3572 cum
639 3513 707 3572 aliis
731 3495 933 3590 Capitolinam
956 3513 1060 3572 aedem
1083 3534 1150 3573 curn
1172 3514 1285 3589 templo
1308 3510 1431 3573 Saturni
1453 3511 1673 3572 confundenda.

425 3616 453 3673 3.
499 3634 525 3673 a.
550 3615 610 3674 704
632 3615 754 3693 scripsit
776 3614 881 3675 Cicero
904 3616 942 3674 ad
964 3617 1097 3676 Atticum
1121 3616 1266 3690 6,1,17:
1294 3619 1328 3675 de
1350 3627 1447 3675 statua
1468 3615 1673 3692 Africani...

340 3720 390 3775 ain
412 3718 459 3775 tu?
485 3715 587 3794 Scipio
610 3719 656 3777 bic
677 3718 810 3778 Metellus
829 3739 972 3795 proauum
994 3737 1076 3778 suum
1100 3723 1190 3779 nesab
1210 3737 1351 3779 censorem
1373 3738 1429 3776 non
1443 3720 1548 3793 juisse.
1593 3721 1675 3794 atqui

340 3819 440 3877 babuit
459 3820 533 3878 nibil
555 3820 639 3878 aliud
659 3823 827 3898 inscriptum
848 3825 907 3880 nisi
931 3817 1056 3881 ‘censor'
1080 3842 1113 3880 ea
1135 3831 1232 3880 statua
1254 3840 1328 3898 quae
1349 3817 1368 3891 'r
1390 3836 1431 3878 AB
1454 3837 1525 3890 orls
1548 3836 1611 3878 rna
1633 3836 1673 3878 ΤΕ

341 3921 400 3997 (sic
414 3922 509 3998 Med.)
528 3925 629 3998 posita
650 3927 681 3980 iu
703 3923 810 3982 eraclae
834 3933 891 3982 est:
913 3927 943 3982 in
964 3925 1019 3982 illa
1034 3935 1127 3984 autem
1149 3943 1222 4000 quae
1237 3934 1277 3983 est
1291 3924 1332 3980 ad
1345 3912 1525 3982 Πολυκλέους
1540 3922 1674 3997 (nonar-

340 4039 456 4084 rnsorc
469 4023 564 4098 Med.)
590 4025 742 4083 Herculem
762 4029 933 4102 inscriptum
955 4037 996 4086 est
1016 4021 1139 4085 ‘consul‘
1156 4071 1162 4084 .
1177 4071 1184 4085 .
1199 4069 1205 4084 .
1221 4037 1253 4084 at
1272 4045 1314 4084 me
1336 4025 1448 4084 bercule
1471 4043 1527 4100 apo,
1559 4043 1620 4083 cum
1643 4027 1673 4081 in

341 4136 432 4183 turma
452 4129 664 4198 inauratarum,
691 4146 764 4202 quas
786 4128 832 4186 llic
853 4128 984 4187 Metellus
1007 4132 1037 4186 iu
1062 4127 1206 4204 Capitolio
1225 4131 1334 4204 posuit,
1362 4128 1622 4186 animaduertissem
1643 4130 1673 4183 in

341 4226 510 4303 Serapionis
530 4229 734 4304 subscriptione
749 4228 888 4304 Africani
906 4233 1070 4307 imaginem,
1094 4241 1218 4289 erratum
1232 4230 1343 4304 fabrile
1361 4232 1478 4306 putavi.-
1498 4247 1572 4287 nunc
1594 4230 1673 4286 video

340 4329 462 4388 Metelli.
506 4349 561 4406 pro
584 4331 734 4406 corruptis
756 4331 817 4390 illis
838 4333 874 4389 ab
897 4336 960 4408 opis
978 4351 1034 4408 per
1049 4343 1073 4390 te
1096 4333 1225 4408 quaein
1248 4332 1385 4390 omnibus
1407 4331 1470 4388 fere
1492 4329 1672 4388 editionibus

340 4430 410 4488 inde
432 4451 451 4488 a
465 4431 647 4490 Iensoniana
664 4432 825 4510 vulgantur
848 4452 882 4492 ac
897 4454 935 4492 ne
957 4453 976 4492 a
997 4435 1119 4510 nuperis
1141 4433 1260 4510 quidem
1283 4434 1449 4492 editoribus
1464 4433 1586 4492 Baitero
1604 4434 1671 4492 We-

303 4571 306 4578 .
341 4533 498 4610 senbergio
520 4533 629 4592 Bootio
658 4543 759 4611 spreta
786 4545 869 4594 sunt:
903 4536 939 4594 ab
964 4536 1035 4613 Opis
1060 4547 1158 4612 purte,
1187 4555 1223 4595 ea
1249 4536 1322 4594 mihi
1350 4536 1489 4594 videntur
1515 4536 1588 4593 ferri
1614 4553 1672 4592 nou

340 4653 438 4710 posse.
488 4636 604 4695 scilicet
630 4637 739 4696 idonea
765 4639 905 4715 exempla
931 4658 993 4697 non
1023 4639 1093 4697 novi
1120 4638 1231 4715 quibus
1261 4639 1470 4715 comprobetur
1497 4637 1670 4715 scriptorem

340 4737 435 4796 ullum
457 4738 609 4798 dixissen
626 4750 711 4815 parte
732 4739 857 4798 alicuius
880 4741 985 4816 templi
1008 4741 1072 4799 sive
1088 4741 1214 4798 aedificii
1237 4749 1317 4799 stare
1337 4740 1505 4817 positumve
1528 4757 1597 4798 esse
1620 4739 1672 4797 ali-

341 4839 421 4914 quod
443 4849 680 4900 monumentum:
718 4861 787 4899 nam
813 4842 892 4918 quod
919 4843 1012 4902 videri
1039 4843 1137 4919 possit
1163 4861 1232 4901 esse
1258 4843 1398 4900 idoneum
1423 4840 1571 4900 Varronis
1598 4841 1672 4899 illud

341 4940 377 4997 de
398 4940 419 4998 l.
436 4941 456 4998 l.
480 4943 584 5015 t,153
608 4943 650 5020 (p.
671 4944 727 5003 153
752 4941 832 5020 Sp),
855 4945 886 5002 iu
907 4945 985 5004 libro
1007 4943 1184 5003 Florentino
1208 4945 1251 5003 sic
1274 4945 1415 5020 scriptum
1438 4944 1514 5019 quod
1535 4958 1555 5000 n
1577 4959 1670 5002 ravals

340 5056 469 5100 ruerem
491 5047 592 5119 pinnis
620 5046 799 5122 turribusque
827 5065 957 5105 carceres
986 5047 1051 5104 olim
1067 5050 1198 5122 suerunt,
1226 5046 1255 5104 in
1279 5064 1314 5104 eo
1337 5065 1432 5122 neque
1455 5064 1475 5102 a
1495 5049 1570 5102 muri
1586 5053 1671 5121 parte

341 5162 436 5219 neque
458 5165 477 5203 a
498 5145 612 5204 Murcia
630 5158 715 5222 parte
740 5148 834 5208 latere
862 5148 1038 5207 certissimis
1069 5149 1252 5225 argumentis
1275 5149 1370 5208 evinci
1393 5156 1493 5224 potest
1513 5165 1568 5205 nec
1591 5147 1671 5204 deni·

341 5263 399 5320 que
420 5247 479 5305 loci
500 5247 552 5304 ubi
573 5247 684 5306 fuerint
705 5267 839 5309 carceres
862 5250 1106 5308 commemoratio
1128 5249 1170 5308 ibi
1193 5249 1314 5308 omnino
1335 5249 1505 5326 requiritur,
1528 5249 1619 5306 immo
1641 5247 1670 5304 id
