3620 6050
543 643 619 694 nux
644 641 812 694 nuruum
838 641 1089 693 vvrusourvsm.
1352 680 1356 688 .
1408 623 1477 693 177

151 825 207 890 tur,
230 818 429 894 probavitque
450 818 527 875 hanc
552 836 649 876 meam
678 817 878 876 coniecturam
900 813 1157 888 Buechelerus,
1179 815 1231 890 qui
1253 835 1269 873 c
1290 815 1364 874 illud
1384 833 1440 892 pro
1461 835 1481 874 o

149 920 280 996 positum
303 939 341 978 ex
364 938 445 977 more
461 920 585 995 antiquo
607 919 801 994 repetendum
822 918 950 995 putavit,
973 935 1087 976 memor
1109 917 1223 976 scilicet
1244 917 1408 976 formarum
1430 937 1480 976 ve-

149 1030 298 1080 tustarum
319 1021 426 1098 quales
450 1031 521 1080 sunt
534 1025 664 1080 coctura
679 1023 763 1081 cacia
782 1021 916 1097 poplicus
931 1039 1033 1078 curare
1055 1029 1084 1077 et
1106 1019 1259 1093 similium,
1283 1039 1359 1096 quae
1381 1029 1480 1078 tamen

151 1125 364 1201 aliquomodo
387 1125 522 1182 diversae
544 1134 623 1182 sunt.
667 1124 739 1182 Alia
761 1133 839 1181 certe
861 1122 1024 1198 explicatio
1047 1141 1106 1181 non
1133 1123 1274 1200 suppetit.

231 1228 260 1284 A
283 1227 379 1303 pretio
402 1245 456 1302 pro
479 1227 596 1286 balneis
619 1226 762 1284 solvendo
785 1225 975 1302 excipiuntur
996 1225 1094 1284 liberti
1117 1224 1159 1299 (v.
1177 1223 1231 1301 23)
1254 1233 1283 1282 et
1306 1226 1385 1284 servi
1406 1223 1480 1284 Cae-

149 1329 226 1386 saris
248 1329 291 1404 (si
313 1338 394 1388 recte
416 1330 473 1388 hoc
495 1329 727 1406 supplevimus),
758 1329 808 1405 qni
834 1329 865 1386 iu
893 1328 993 1386 officio
1022 1327 1225 1404 procuratoris
1249 1334 1327 1400 suut,
1356 1337 1389 1386 ut
1410 1346 1480 1385 con-

149 1439 325 1490 sentaneum
349 1440 408 1504 est3
435 1433 461 1490 si
489 1432 665 1509 supplemus
692 1433 796 1508 quiquo
814 1450 897 1506 proc.
920 1433 951 1487 itt
973 1431 1064 1506 officis
1086 1441 1167 1488 cruat
1189 1447 1353 1506 servosque
1369 1428 1480 1489 Caesa·

147 1535 188 1590 ris
210 1535 249 1591 ab
268 1533 330 1593 illle
351 1534 574 1611 distinguimus,
600 1534 776 1593 beneficium
799 1533 899 1592 balnei
920 1533 1044 1610 gratuiti
1064 1532 1188 1590 nimium
1210 1531 1328 1590 videtur
1348 1533 1479 1591 extendi.

150 1633 210 1708 Qui
223 1636 382 1694 commoda
395 1637 564 1714 percipiunt
575 1637 601 1696 ei
617 1655 721 1695 omnes
738 1645 817 1708 sunt,
829 1635 937 1712 quibus
953 1635 1064 1694 salaria
1078 1635 1277 1694 honorariave
1293 1635 1480 1693 solvuntura

146 1746 351 1814 procuratore.
395 1737 500 1798 Gratis
522 1747 679 1817 praeterea
700 1739 802 1797 lavant
823 1739 1002 1813 impuberes,
1024 1755 1107 1796 more
1129 1738 1200 1795 item
1215 1737 1317 1795 urbico
1341 1738 1405 1795 slve
1427 1756 1478 1812 po-

145 1840 206 1898 tius
229 1841 405 1914 universali,
433 1860 520 1917 quem
547 1861 586 1900 ex
608 1841 759 1900 Iuvenalis
780 1841 930 1900 versiculo
953 1839 1082 1915 quodam
1105 1840 1260 1898 notissimo
1287 1841 1347 1898 iam
1370 1857 1480 1916 cogno·

146 1943 244 2002 vimus
266 1942 338 2018 (sat.
360 1945 393 2002 II
418 1943 475 2004 152
497 1947 650 2020 cecpucri
669 1946 787 2004 credam
804 1947 862 2002 cisi
879 1944 1067 2020 qainondam
1090 1941 1328 2018 curciabuntur),
1351 1941 1479 2017 deniquo

144 2045 268 2104 milites.
312 2045 430 2106 Habuit
451 2047 543 2124 Igitur
564 2047 652 2106 etiam
669 2047 805 2105 militiam
828 2047 959 2122 aliquam
980 2046 1012 2103 in
1033 2045 1163 2104 metallis
1185 2045 1224 2102 ad
1246 2063 1351 2103 manus
1373 2063 1478 2120 procu·

144 2157 236 2220 rator,
260 2149 287 2207 si
310 2157 421 2208 certam
443 2168 510 2208 eum
532 2149 563 2207 in
585 2149 643 2208 hac
664 2149 854 2208 metallorum
875 2149 996 2224 regione
1018 2147 1119 2205 sedem
1142 2147 1286 2206 habuisse
1309 2148 1478 2206 statuimus.

145 2251 263 2310 Tamen
290 2251 403 2310 nullam
429 2251 471 2309 ibi
499 2252 531 2310 in
558 2253 666 2310 castris
693 2251 788 2310 fuisse
816 2251 966 2327 legionem
990 2250 1142 2309 cohortem
1171 2249 1249 2308 alem
1272 2259 1399 2309 constat.
1445 2249 1479 2310 Si

143 2363 323 2430 procurator
344 2355 376 2412 in
395 2355 472 2413 hanc
488 2355 676 2413 metallorum
699 2329 860 2430 regionem,
884 2353 964 2429 quod
987 2371 1080 2428 aeque
1102 2353 1172 2410 licet
1194 2369 1320 2424 sumere,
1343 2371 1382 2410 ex
1405 2361 1478 2410 tem·

143 2475 215 2530 pore
238 2463 354 2514 tantum
378 2457 565 2529 devertebat,
591 2456 688 2534 potuit
715 2475 754 2514 ex
776 2456 894 2514 colonia
915 2455 1018 2532 aliqua
1039 2455 1154 2526 vicina,
1181 2455 1212 2512 in
1235 2473 1296 2530 qua
1317 2455 1479 2514 tendebant

142 2559 270 2632 milites,
300 2578 456 2618 numerum
490 2579 592 2618 eorum
626 2578 727 2618 secum
756 2559 873 2618 ducere.
917 2557 953 2616 In
981 2557 1107 2615 coloniis
1137 2558 1227 2616 etiam
1253 2557 1390 2616 militiam
1424 2559 1476 2615 ali-

141 2677 233 2736 quam
257 2662 467 2738 municipalem
490 2663 585 2722 fuisse
607 2683 624 2721 o
646 2663 721 2738 lege·
735 2659 904 2720 Ursonensi
927 2660 1098 2732 didicimus3
1126 2660 1161 2717 de
1185 2679 1220 2718 ea
1242 2673 1342 2719 autem
1364 2661 1413 2720 hic
1435 2662 1478 2720 vi·

141 2764 229 2822 detur
253 2764 306 2822 vix
328 2764 455 2840 cogitari
477 2782 577 2842 posse.

228 2865 417 2926 Conductori
442 2867 644 2927 instrumenta
670 2867 779 2926 balinei
807 2868 849 2944 (si
881 2877 958 2927 recte
991 2866 1195 2945 supplevimus
1222 2885 1249 2924 v.
1276 2865 1330 2942 24)
1358 2865 1478 2943 aliaque

140 2969 356 3048 adsignantur;
380 2989 416 3028 ea
434 2972 619 3030 conductione
636 2981 759 3048 peracta
781 2971 948 3046 (sollemnIs
966 2971 1041 3029 haec
1057 2970 1174 3028 videtur
1196 2987 1264 3028 esse
1285 2968 1411 3045 locutio)
1432 2971 1477 3028 in·

139 3081 228 3149 tegra
256 3072 414 3131 restituere
440 3073 559 3132 iubetur
585 3075 720 3150 exceptis
746 3093 822 3150 quae
844 3080 994 3132 vetustate
1021 3081 1161 3148 corrupta
1187 3079 1282 3131 erunt.
1328 3070 1477 3132 Secuntur

139 3176 299 3234 cautiones
320 3176 420 3234 variae
443 3177 551 3252 quibus
571 3176 643 3253 quid
665 3175 828 3235 conductor
843 3177 962 3234 balineo
984 3183 1139 3253 praestare
1158 3175 1266 3233 debeat
1286 3174 1395 3250 quidve
1416 3193 1476 3233 non

139 3277 250 3336 debeat
270 3277 438 3336 accuratius
453 3277 603 3337 definitur.
649 3276 861 3353 Quaecumque
877 3279 1040 3336 conductor
1062 3277 1104 3352 (v.
1122 3277 1175 3353 27)
1197 3277 1229 3334 in
1250 3277 1323 3336 haec
1339 3277 1425 3353 (puto
1444 3279 1477 3336 in

139 3381 241 3438 ahena
262 3380 382 3456 aliaque
404 3381 605 3440 instrumenta
625 3381 748 3456 balinei)
772 3381 951 3456 impenderit
971 3379 1080 3456 quidve
1099 3379 1204 3438 fecerit
1225 3388 1381 3454 praeterea
1402 3381 1475 3438 bali-

140 3482 188 3539 nei
217 3483 379 3541 exercendi
408 3501 511 3554 causa,
538 3502 573 3540 ea
601 3483 701 3541 omnia
729 3483 766 3540 de
793 3501 848 3541 suo
870 3493 1025 3560 praestare
1051 3501 1147 3557 neque
1169 3482 1331 3559 quidquam
1355 3501 1409 3558 pro
1432 3484 1475 3541 eis

138 3594 294 3661 reputare,
320 3585 351 3643 id
378 3592 424 3643 est
451 3585 486 3643 de
514 3604 631 3644 summa
651 3585 808 3662 vectigalis
835 3585 991 3644 detrahere
1018 3585 1143 3644 debebit.
1189 3583 1301 3642 Verum
1329 3586 1476 3644 tamensi

138 3705 198 3746 non
223 3705 280 3746 sua
305 3686 394 3762 culpa
416 3687 457 3763 (v.
475 3685 528 3764 26)
555 3688 718 3746 conductor
743 3707 797 3763 per
824 3687 946 3764 aliquod
972 3694 1089 3763 tempus
1117 3687 1268 3745 balineum
1289 3694 1370 3746 recte
1391 3706 1475 3764 prae·

139 3798 221 3849 stare
244 3807 306 3847 non
327 3790 434 3866 potuit,
461 3807 516 3864 pro
542 3799 610 3849 rata
635 3791 699 3848 eius
726 3791 870 3865 temporis
892 3801 1004 3848 certam
1030 3807 1175 3849 summam
1197 3787 1233 3846 de
1257 3789 1401 3865 pensione
1424 3809 1476 3848 an-

137 3911 198 3950 nua
221 3891 380 3970 vectigalis
404 3904 552 3970 reputare,
580 3893 611 3951 id
638 3900 685 3950 est
706 3892 871 3963 detrahere,
894 3892 983 3950 debet
1007 3892 1072 3949 sive
1093 3890 1192 3966 potius
1215 3899 1315 3965 potest
1336 3899 1389 3948 aut
1410 3909 1476 3966 per-

136 3993 277 4052 mittitur.
321 3991 428 4070 Neque
451 4012 522 4053 vero
544 3996 728 4054 haerendum
749 3995 780 4052 in
803 3993 929 4053 debendi
948 3993 1113 4064 vocabulo;
1135 4012 1205 4050 nam
1226 3993 1308 4068 quod
1328 3993 1399 4051 licet
1419 3995 1475 4053 ali·

137 4096 184 4154 cui
212 4095 322 4169 facere,
350 4097 382 4154 id
409 4097 499 4156 etiam
524 4097 623 4156 facere
651 4097 759 4156 debere
791 4097 818 4154 is
844 4096 902 4156 dici
932 4104 1033 4172 potest
1059 4113 1120 4154 non
1146 4095 1255 4170 inepte.
1303 4095 1475 4172 Reputandi

137 4207 239 4257 eutem
262 4199 441 4257 vocabulum
468 4218 506 4257 ca
531 4217 591 4274 qua
617 4199 666 4258 hic
692 4200 814 4258 notione
842 4198 1043 4275 computando
1069 4198 1211 4275 opposita
1238 4198 1328 4256 etiam
1354 4219 1373 4256 a
1400 4199 1474 4258 iuris

137 4301 239 4359 civilis
263 4301 435 4360 auctoribus
457 4301 661 4378 usurpaturl).
705 4303 781 4360 Eam
804 4312 902 4361 autem
923 4302 987 4360 fere
1011 4301 1105 4360 fuisse
1128 4301 1306 4360 sententiam
1329 4301 1475 4360 enuntiati

137 4403 238 4462 mutili
266 4403 456 4462 manifestum
488 4411 542 4476 est,
576 4404 612 4462 de
641 4405 741 4464 verbis
773 4405 849 4482 ipsis
884 4414 965 4464 certo
995 4405 1084 4463 modo
1118 4405 1329 4482 recuperandis
1358 4404 1475 4462 videtur

137 4501 360 4581 desperandum
397 4523 474 4564 esse.
556 4504 641 4580 Quae
678 4517 900 4585 proposuerunt
939 4509 1180 4566 Mommsenns
1224 4507 1474 4566 Buechelerus

136 4606 419 4666 Hirschfeldius
458 4608 523 4684 (qui
557 4615 625 4684 apte
658 4629 833 4688 comparare
865 4611 949 4670 iubet
987 4610 1026 4668 ad
1058 4609 1296 4686 supplementum
1326 4610 1363 4666 ab
1406 4608 1474 4685 ipso

136 4711 327 4786 propositum
353 4711 452 4768 locum
479 4711 537 4787 dig.
560 4710 669 4770 XVIII
689 4712 752 4786 6,2
776 4713 826 4790 §1
851 4714 988 4789 aliosque
1009 4711 1152 4769 librorum
1175 4711 1248 4770 iuris
1270 4710 1368 4768 civilis
1391 4709 1475 4768 simi·

136 4811 209 4887 les),
234 4812 270 4869 de
298 4821 373 4888 quot
399 4813 558 4890 supplendi
585 4813 683 4872 modis
710 4815 801 4873 variis
832 4815 958 4894 cogitari
980 4812 1080 4891 possit
1100 4813 1242 4873 indicant.
1287 4811 1348 4870 vix
1375 4821 1474 4869 autem

136 4931 228 4973 causa
259 4914 474 4990 prohibitionis
510 4915 542 4974 in
576 4917 662 4975 iussu
697 4916 829 4992 quodam
862 4917 957 4994 ipsius
987 4915 1192 4993 procuratoris
1221 4914 1323 4991 quaeri
1353 4915 1472 4991 poterit.

136 5015 229 5076 Recte
257 5018 337 5076 enim
359 5017 600 5078 Mommsenus
623 5019 795 5082 observavit
817 5036 877 5077 non
898 5018 985 5078 facile
1008 5034 1129 5077 causam
1152 5016 1285 5094 aliquam
1308 5017 1473 5095 excogitari

210 5332 236 5399 ¹)
275 5334 346 5386 Vide
364 5334 526 5386 Dirkseni
544 5338 665 5388 manuale
684 5338 830 5388 Latinitatis
849 5337 960 5388 fontium
979 5338 1043 5388 iuris
1063 5338 1144 5388 clvilis
1164 5337 1341 5389 Romanorum
1361 5353 1382 5389 s.
1402 5353 1424 5386 v.
