3632 6040
626 656 676 708 nn
696 655 825 710 sacrus
845 655 939 709 oris.
1405 637 1451 706 65

118 832 217 907 ipsum
242 831 323 905 quod
339 829 504 887 Muellerus
527 829 657 888 restituit
678 833 814 889 11111111
835 835 963 906 speciem.
1006 831 1096 908 longe
1118 839 1218 888 autem
1233 830 1344 888 diversi
1365 847 1453 905 gene·

119 934 161 991 ris
185 941 233 991 est
254 933 330 990 illud
353 933 446 989 Plinii
471 931 518 1000 13,
544 931 601 990 136
631 951 650 989 a
668 945 753 1009 parte
775 933 929 1010 aquilonis,
952 940 1081 1010 suntque
1108 933 1208 990 omnia
1230 951 1364 1008 eaquae
1387 949 1454 988 cum

120 1035 269 1094 hocloco
291 1035 429 1092 Handius
451 1035 541 1092 Turs.
569 1037 595 1105 1,
618 1035 657 1094 48
682 1053 705 1092 s.
728 1035 838 1094 iniuria
863 1037 1043 1113 composuit,
1072 1036 1181 1112 quippe
1210 1053 1285 1111 quae
1312 1035 1455 1111 pleraque

120 1138 222 1196 omnia
245 1157 263 1194 a
285 1137 454 1213 significatu
476 1137 649 1195 movimenti
671 1138 827 1214 pendeant.
871 1137 1029 1197 Plinianus
1052 1147 1152 1196 antem
1173 1137 1257 1194 locus
1280 1136 1382 1194 debuit
1404 1155 1456 1192 ex-

21 1235 25 1246 ’
119 1241 227 1316 plicari
250 1244 431 1316 comparatis
454 1239 587 1298 eiusdem
611 1241 764 1315 scriptoris
785 1241 847 1298 illis
869 1245 899 1298 in
916 1251 1005 1317 parte
1023 1241 1131 1298 Romae
1153 1239 1197 1315 (3,
1221 1238 1259 1298 68
1282 1240 1362 1314 quod
1383 1239 1453 1296 item

119 1342 234 1400 iniuria
263 1343 464 1419 suspicionem
493 1343 588 1400 movit
614 1343 808 1418 quibusdam)
836 1347 864 1401 in
888 1353 975 1419 parte
1001 1344 1123 1401 Baiana
1149 1343 1192 1418 (9,
1217 1341 1290 1416 172)
1317 1344 1348 1399 in
1373 1350 1457 1417 parte

120 1445 243 1520 Asiicac
266 1444 330 1521 (36,
355 1444 408 1518 76)
430 1449 460 1501 iu
482 1445 660 1502 Bononiensi
682 1446 788 1504 Italiae
807 1457 891 1522 parte
914 1444 979 1521 (36,
1006 1445 1088 1521 161).
1132 1462 1230 1521 neque
1256 1461 1382 1520 prorsus
1405 1443 1456 1498 ha·

120 1548 184 1604 beti
207 1565 299 1604 sensu
321 1547 377 1604 11111
396 1545 533 1604 01111111
557 1547 696 1622 quicum
719 1554 787 1606 ante
811 1547 988 1606 vocabulum
1010 1548 1091 1623 quod
1114 1557 1159 1606 est
1176 1557 1262 1625 parte
1285 1546 1457 1622 suspicatus

122 1651 161 1706 sit
186 1649 340 1708 excidisse
363 1649 426 1706 sive
449 1651 551 1706 deutra
573 1649 636 1708 sive
658 1653 785 1732 sinistra,
813 1668 885 1708 sane
908 1649 1128 1708 substantivum
1155 1649 1233 1708 nude
1259 1648 1393 1724 positum
1416 1647 1458 1704 vi-

121 1751 210 1810 detur
232 1770 251 1808 a
272 1751 415 1809 Tulliana
437 1751 651 1810 cousuetudine
673 1752 802 1810 alienum
830 1770 896 1811 esse
924 1753 1066 1812 sensisse.
1111 1771 1207 1828 neque
1230 1770 1301 1810 vero
1327 1752 1388 1808 ista
1413 1749 1459 1806 in-

122 1854 234 1912 dicatio
257 1853 314 1912 loci
337 1862 487 1926 accurata,
510 1853 601 1912 immo
623 1854 744 1931 putidae
770 1874 865 1932 paene
891 1855 1074 1933 diligentiae,
1102 1855 1240 1912 convenit
1262 1851 1459 1931 disputationi

123 1975 272 2032 suspenso
307 1965 340 2014 111
371 1956 414 2013 111
446 1956 543 2014 dicam
581 1957 676 2033 gradu
709 1957 857 2017 incedenti
885 1977 921 2015 ac
952 1977 1047 2033 paene
1079 1957 1202 2015 ludenti.
1256 1957 1359 2034 itaque
1391 1975 1457 2014 cnm

124 2079 222 2136 nuper
244 2059 338 2117 verba
361 2057 514 2116 Ciceronis
537 2059 781 2117 adulescentibus
804 2059 994 2136 quibusdam,
1021 2061 1074 2136 qui
1101 2059 1147 2116 bis
1171 2059 1277 2117 studiis
1300 2059 1460 2117 111111111-

123 2163 186 2219 mia
206 2171 311 2220 nostra
334 2170 450 2232 vacant,
473 2162 700 2238 proposuissem
722 2162 913 2238 disputanda,
935 2181 983 2220 me
1005 2171 1104 2220 autem
1127 2179 1186 2219 non
1209 2162 1345 2219 dubitare
1369 2161 1460 2235 signi·

127 2265 263 2322 ficassem
286 2264 360 2340 quin
382 2273 462 2322 recte
484 2266 525 2320 ad
543 2263 614 2338 Opis
636 2264 807 2339 nescioquis
827 2264 939 2340 primus
963 2264 1104 2335 dedisset,
1127 2265 1244 2322 nescire
1267 2271 1365 2321 autem
1388 2261 1459 2337 quid

129 2366 231 2424 lateret
253 2367 285 2423 in
307 2367 415 2424 litteris
433 2375 524 2442 perte,
552 2366 608 2423 fuit
635 2366 687 2441 qui
716 2366 817 2424 statim
843 2385 957 2424 memor
980 2367 1112 2424 Pliniani
1134 2365 1191 2423 loci
1217 2368 1265 2437 11,
1291 2365 1350 2422 174
1372 2383 1390 2421 a
1412 2383 1458 2420 me

128 2487 183 2546 ops
214 2468 412 2544 hemerologii
438 2467 597 2526 Arvalium
628 2488 723 2546 nuper
749 2469 897 2527 emendati
928 2469 1116 2526 scribendum
1146 2485 1213 2526 esse
1245 2467 1395 2525 coniceret
1422 2467 1462 2524 ad

131 2571 203 2646 Opis
226 2570 400 2646 [opilseraa
428 2589 500 2628 sane
522 2571 677 2628 librarium
700 2572 871 2647 suspicatus
894 2580 1012 2648 praeter
1035 2571 1180 2629 omissum
1204 2568 1278 2627 illud
1301 2574 1358 2645 opi,
1381 2569 1461 2645 quod

126 2675 216 2732 etiam
239 2674 270 2731 in
293 2673 443 2731 Plinianis
465 2673 618 2730 codicibus
641 2682 759 2749 praeter
785 2693 876 2732 unum
902 2674 1082 2751 rescriptum
1109 2673 1229 2743 excidit,
1255 2691 1344 2728 unam
1367 2672 1461 2729 lineo-

126 2777 188 2834 lam
211 2776 421 2850 interpolasse,
445 2793 505 2852 qua
526 2775 587 2833 fere
610 2776 677 2833 sola
699 2775 842 2852 scriptum
859 2792 948 2834 reare
972 2795 990 2832 a
1010 2776 1159 2850 scriptura
1173 2787 1246 2832 11111
1265 2775 1364 2832 distat.
1408 2773 1460 2832 sed

127 2878 271 2954 quoniam
294 2877 382 2935 huius
399 2876 475 2954 Opis
499 2878 631 2953 opiferae
653 2878 742 2936 aedes
765 2898 803 2936 an
826 2879 924 2954 possit
945 2895 1011 2936 1111
1032 2875 1205 2953 Capitolina
1227 2875 1305 2952 Opis
1328 2883 1462 2934 extremo

127 2981 249 3038 demum
272 2981 485 3039 commentario
507 2991 612 3039 nostro
635 2981 838 3056 quaerendum
861 2989 916 3053 est,
939 2981 1121 3038 nuncetiam
1143 2979 1180 3036 de
1202 2979 1373 3036 coniectura
1394 2979 1462 3054 ipsa

128 3083 275 3140 iudicium
299 3101 358 3140 non
381 3083 485 3140 feram.

214 3187 242 3243 4.
288 3185 421 3242 eiusdem
438 3182 592 3244 Ciceronis
615 3185 690 3242 locis
714 3185 829 3261 aliquot
850 3186 975 3243 relatum
998 3193 1043 3242 111
1065 3186 1106 3242 acl
1124 3184 1194 3259 Opis
1210 3181 1372 3242 Caesarem
1396 3201 1463 3258 sep·

128 3287 207 3345 tiens
236 3286 365 3344 milliens
393 3287 572 3363 deposuisse
600 3288 726 3363 indeque
754 3289 919 3346 Antonium
946 3287 1109 3346 abstulisse
1137 3287 1190 3361 (ad
1212 3287 1274 3344 Au.
1301 3288 1348 3357 14,
1374 3287 1421 3357 14,
1445 3288 1462 3344 5

129 3390 210 3447 Phil.
236 3389 264 3460 2,
282 3390 331 3460 37,
348 3389 385 3448 93
410 3391 446 3449 cf.
473 3391 499 3459 1,
524 3390 551 3462 7,
579 3390 625 3447 17.
649 3390 678 3462 8,
702 3390 730 3460 9,
755 3389 823 3466 26);
847 3393 1006 3448 adcedam
1033 3388 1104 3465 Opis
1127 3388 1199 3446 dicit
1220 3387 1300 3446 Vell.
1324 3387 1352 3460 2,
1369 3388 1417 3460 60,
1433 3390 1462 3460 4,

127 3494 228 3550 aedem
246 3491 317 3567 Opis
331 3490 447 3562 Cicero,
469 3492 522 3550 ubi
544 3492 580 3550 de
603 3493 715 3550 eisdem
737 3493 826 3550 rebus
849 3493 920 3567 agit,
944 3493 1077 3550 nominat
1098 3491 1144 3549 bis
1167 3490 1220 3565 (ad
1233 3492 1295 3548 An.
1315 3491 1362 3562 16,
1380 3491 1462 3561 14,3

128 3593 209 3652 Phil.
235 3595 264 3664 5,
289 3594 316 3666 6,
343 3595 404 3670 15).
450 3595 503 3652 sed
524 3595 560 3651 de
583 3595 629 3651 his
652 3595 834 3652 testimoniis
857 3595 935 3652 infra
957 3594 1124 3670 disputabo.
1169 3593 1206 3652 cf.
1229 3593 1336 3650 Drum.
1363 3595 1389 3662 1,
1414 3594 1462 3650 85.

217 3698 244 3754 5.
290 3697 418 3772 denique
440 3717 466 3754 1.
490 3717 519 3774 p.
543 3694 578 3755 G.
603 3695 641 3754 80
664 3697 692 3754 d.
717 3697 733 3752 7
758 3716 796 3755 m.
820 3697 892 3755 Dec.
916 3701 946 3754 in
972 3695 1117 3772 Capitolio
1145 3698 1175 3752 in
1201 3697 1297 3753 aedem
1325 3695 1396 3770 Opis
1418 3713 1464 3751 sa-

129 3801 259 3858 cerdotes
282 3809 469 3857 conuenerant
491 3801 532 3856 ad
552 3809 618 3856 vota
638 3800 833 3874 nuncupanda
854 3800 895 3856 ad
914 3803 1116 3856 restitutionem
1138 3809 1164 3855 et
1184 3799 1386 3854 dedicationem
1411 3797 1464 3854 Ca-

130 3904 219 3977 pitoli
238 3901 274 3957 ab
291 3904 358 3976 imp.
379 3901 410 3958 T.
430 3901 553 3960 Caesare
567 3901 743 3976 Vespasiano
759 3900 836 3976 1111.
879 3901 921 3958 ita
938 3903 1014 3958 Acta
1033 3901 1158 3957 fratrum
1179 3899 1325 3955 arvalium
1340 3919 1368 3974 p.
1383 3895 1465 3956 CVI.

132 4005 163 4062 hi
190 4003 363 4062 sacerdotes
390 4021 449 4060 non
476 4013 602 4080 possunt
633 4021 692 4059 non
720 4020 787 4060 esse
816 4002 987 4060 sacerdotes
1012 4002 1134 4078 publici,
1162 4020 1221 4058 non
1250 4012 1321 4059 sunt
1347 4001 1465 4060 arvales

77 4185 79 4190 Ι
131 4107 253 4164 fratres.
298 4113 502 4164 convenerunt
536 4116 634 4164 autem
666 4106 698 4162 in
728 4104 804 4180 Opis
841 4105 944 4162 aedem
981 4113 1084 4182 utpote
1112 4104 1178 4162 aedi
1204 4123 1281 4180 quae
1302 4103 1468 4162 dedicanda

132 4217 214 4266 esset
235 4209 375 4266 vicinam.
402 4247 408 4252 -

217 4311 304 4368 11111
326 4312 417 4388 igitur
440 4311 610 4370 testimonia
632 4311 732 4369 omnia
754 4320 874 4386 praeter
895 4331 932 4368 ea
957 4329 1033 4387 quae
1056 4331 1084 4368 n.
1108 4313 1127 4368 4
1150 4312 1306 4388 composui
1328 4312 1367 4368 ad
1389 4310 1467 4387 Opis

133 4414 238 4472 aedem
272 4414 302 4470 in
331 4411 481 4488 Capitolio
509 4415 637 4490 positam
670 4413 820 4491 pertinent
851 4414 1000 4472 conditam
1027 4423 1095 4472 ante
1121 4434 1148 4472 a.
1172 4414 1254 4472 urbis
1281 4413 1355 4485 5683
1385 4414 1467 4471 nullo

133 4535 239 4574 eorum
267 4515 438 4574 nominibus
466 4517 544 4574 binis
567 4517 644 4592 Opis
678 4524 708 4575 et
730 4513 853 4575 Saturni
879 4517 1057 4592 appellatur.
1103 4518 1187 4575 aedis
1211 4515 1287 4593 Opis
1313 4516 1351 4573 ad
1372 4515 1468 4573 forum

133 4619 209 4676 sitae
232 4627 353 4695 praeter
379 4619 614 4695 hemerologium
638 4618 730 4676 Amit.
753 4617 835 4676 nulla
862 4629 946 4678 extat
971 4621 1123 4678 memoria.
1167 4620 1226 4677 iam
1254 4635 1468 4694 persequamur

135 4718 261 4779 Saturni
284 4719 332 4778 dei
355 4739 420 4778 cum
443 4719 510 4796 Ope
533 4721 771 4780 coniunctissimi
793 4721 895 4796 templi
918 4721 1084 4781 historiam.

223 4825 249 4880 1.
295 4823 412 4882 Aedem
432 4822 554 4884 Saturni
576 4824 613 4882 ad
635 4825 733 4883 forum
755 4823 878 4881 annales
901 4825 1103 4900 antiquissimi
1127 4824 1278 4883 conditam
1299 4840 1366 4882 esse
1389 4843 1416 4882 a.
1440 4845 1468 4882 u.

137 4924 196 4983 257
220 4925 411 4984 rettulerunt.
454 4924 561 4985 Livius
585 4925 613 4999 2,
631 4925 683 4986 211
707 4927 750 4984 bis
772 4925 934 4983 consulibus
956 4929 1036 4985 aedis
1057 4926 1178 4986 Saturni
1201 4929 1343 4998 dedicata,
1365 4926 1470 4985 Satar-

134 5029 217 5084 nalia
253 5031 400 5086 institutas
427 5030 523 5103 festas
559 5031 626 5087 dies.
678 5027 816 5086 similiter
843 5026 1011 5104 Dionysius
1041 5029 1069 5102 6,
1095 5031 1108 5086 1
1134 5030 1186 5104 qui
1215 5030 1251 5086 de
1280 5031 1339 5088 situ
1366 5030 1470 5106 templi

135 5129 219 5203 quod
242 5129 325 5186 addit
346 5130 425 5186 infra
440 5131 670 5207 disputabimus.
713 5131 744 5188 in
768 5129 836 5188 aliis
852 5131 957 5206 eisque
976 5139 1073 5190 aetate
1094 5131 1285 5191 inferioribus
1307 5133 1386 5190 lecta
1402 5141 1471 5190 sunt

136 5249 176 5286 ea
196 5250 273 5307 quae
295 5233 511 5308 transcripsere
534 5233 612 5292 idem
626 5233 793 5309 Dionysius
816 5239 845 5288 et
860 5231 1030 5292 Macrobius
1048 5230 1109 5293 Sat.
1129 5235 1156 5306 1,
1173 5235 1202 5306 8,
1220 5236 1245 5292 1.
1290 5251 1469 5310 quamquam

136 5331 188 5389 hio
216 5333 295 5410 quod
322 5333 414 5393 refert
439 5333 560 5393 Tullum
587 5333 753 5394 Hostilium
780 5332 882 5392 fanum
914 5354 950 5393 ex
979 5343 1049 5394 voto
1078 5333 1208 5396 Saturno
1235 5335 1470 5406 consecravisse,

1247 5439 1264 5497 5
