3620 6050
338 575 412 647 218
932 589 1078 643 nassau

338 768 392 840 sit;
414 767 466 827 sed
488 775 571 826 extat
592 767 676 836 alter,
699 772 783 824 extat
798 765 917 824 tertius:
941 782 1068 840 quorum
1083 763 1210 822 alterum
1225 761 1345 839 quidem
1361 761 1577 838 (Hadrianales
1593 785 1622 824 n.
1636 765 1669 842 4)

337 891 397 930 non
424 871 539 947 legerat
565 869 618 927 illo
645 881 779 945 tempore
804 867 990 944 Borghesius
1018 866 1076 924 nisi
1103 866 1295 942 depravatum
1324 873 1354 924 et
1381 865 1521 924 vitiosum
1551 869 1670 944 qualem

339 971 488 1034 Gruterus
515 991 544 1048 p.
570 971 659 1044 1095,
684 972 699 1028 1
729 970 860 1048 praebet,
890 969 1016 1027 alterum
1044 967 1260 1044 (Hadrianales
1288 987 1317 1027 u.
1340 967 1383 1045 2),
1412 969 1448 1026 de
1476 988 1535 1045 quo
1564 971 1669 1046 olim1)

338 1075 457 1134 dixerat
477 1075 554 1149 ipse,
577 1073 697 1131 omnino
720 1071 832 1131 oblitus
855 1083 909 1129 est.
946 1071 1012 1130 Iam
1033 1071 1114 1146 quod
1135 1077 1180 1128 ter
1196 1085 1319 1129 soranis
1332 1087 1532 1130 sanarsasnrs
1548 1089 1671 1132 soasnrs

338 1193 555 1237 saronrnrrrvvs
576 1175 713 1247 occurrit,
736 1174 766 1232 id
788 1174 869 1233 casui
891 1173 983 1231 tribui
1004 1173 1088 1231 nullo
1110 1183 1198 1249 pacto
1220 1179 1330 1250 potest.
1374 1173 1470 1232 Immo
1490 1175 1572 1252 quod
1593 1176 1672 1234 inter

339 1297 392 1338 eos
414 1296 490 1357 quos
512 1278 724 1352 inscriptiones
740 1277 885 1354 praebent
906 1275 1024 1334 sodales
1040 1273 1242 1334 Hadrianales
1264 1283 1326 1334 tres
1345 1274 1536 1336 inveniuntur
1556 1278 1672 1336 sodales

339 1381 539 1441 Hadrianalcs
565 1379 678 1438 sodales
700 1377 890 1437 Antoniniani
915 1396 1012 1452 neque
1039 1377 1119 1435 ullus
1146 1377 1258 1436 sodalis
1279 1377 1477 1436 Hadrianalis
1499 1379 1672 1438 Antoninia-

339 1504 403 1557 nas,
431 1501 491 1560 qua
516 1483 631 1540 rationo
654 1481 799 1558 explicari
819 1479 938 1558 poterit,
966 1480 1026 1538 nisi
1047 1479 1275 1557 distinguendos
1298 1497 1365 1538 esse
1388 1481 1611 1540 Antoninianos
1634 1483 1672 1539 ab

340 1585 577 1645 Hadriaualibus
600 1585 734 1659 duasque
755 1583 892 1641 diversas
915 1597 966 1640 eas
993 1581 1089 1648 fuisse
1111 1581 1286 1641 sodalitates
1309 1584 1492 1642 statuemus?
1522 1584 1588 1642 lam
1611 1591 1672 1642 tres

340 1689 367 1747 ei
394 1690 430 1747 de
457 1687 565 1765 quibus
591 1686 653 1744 dixi
682 1685 761 1744 tituli
782 1683 947 1761 accipiendi
974 1691 1044 1743 sunt
1066 1683 1103 1742 de
1129 1684 1300 1742 hominibus
1323 1684 1437 1743 duabus
1460 1686 1673 1746 sodalitatibus

340 1800 369 1850 st
390 1788 570 1848 Hadrianali
592 1797 620 1846 et
641 1787 849 1846 Antoniniana
870 1788 995 1845 ornatis.
1039 1785 1129 1860 Quod
1156 1795 1255 1845 autern
1277 1785 1431 1845 Hadriano
1454 1795 1484 1846 et
1507 1789 1673 1860 Antonino,

339 1892 472 1952 eiusdem
502 1891 600 1968 gentis
627 1887 714 1962 divis,
741 1890 876 1948 diversae
904 1889 1078 1947 sodalitates
1106 1897 1222 1946 creatae
1245 1897 1324 1959 sunt,
1351 1907 1410 1946 non
1437 1891 1545 1948 mirum
1568 1899 1616 1948 est
1638 1911 1675 1949 ea

341 2003 438 2054 aetate
466 2013 526 2070 qua
553 1991 674 2050 omnino
706 1992 839 2050 rationes
872 1989 1041 2067 gentilicias
1068 1990 1227 2050 evanuisse
1254 1999 1381 2050 constat.
1424 1991 1545 2051 Nomen
1577 1993 1675 2052 luisse

341 2097 428 2158 novis
462 2095 616 2154 sodalibus
648 2095 761 2153 sodales
790 2091 1000 2152 Antoninianos
1033 2100 1137 2151 auctor
1169 2100 1215 2151 est
1247 2091 1432 2169 biographus
1458 2094 1507 2152 Pii
1540 2113 1565 2154 c.
1585 2093 1673 2172 13²);

340 2219 469 2277 quocum
489 2197 680 2257 consentiunt
701 2194 778 2254 tituli
798 2195 967 2272 complures
989 2195 1070 2254 infra
1091 2193 1293 2271 exhibendii).
1337 2197 1380 2254 At
1393 2197 1446 2253 vit.
1461 2197 1557 2255 Marci
1578 2216 1603 2255 c.
1622 2196 1674 2273 74)

341 2302 512 2362 Aurelianis
534 2301 579 2358 eis
601 2299 697 2357 fuisse
718 2317 827 2356 nomen
849 2307 997 2356 narratur.
1042 2295 1103 2357 Sed
1125 2297 1247 2356 sodales
1265 2297 1326 2355 divi
1340 2297 1390 2356 Pii
1410 2317 1521 2356 nomeu
1541 2301 1675 2359 traxisse

341 2408 378 2465 ab
394 2403 519 2464 Aurelio
542 2403 661 2460 nomine
684 2419 743 2477 quo
767 2401 939 2459 Antoninus
962 2419 997 2459 eo
1021 2400 1116 2458 solum
1139 2407 1273 2475 tempore
1296 2417 1367 2458 usus
1389 2407 1434 2458 est
1455 2419 1515 2476 quo
1537 2402 1675 2478 privatus

341 2510 431 2567 homo
453 2505 509 2564 fuit
532 2504 616 2579 (uam
637 2503 706 2561 inde
729 2502 766 2560 ab
789 2522 815 2561 a.
835 2503 892 2561 138
914 2509 1074 2580 postquam
1098 2503 1135 2561 ab
1150 2502 1307 2561 Hadriano
1328 2501 1486 2579 adoptatus
1506 2503 1536 2560 in
1552 2504 1676 2562 domum

343 2608 474 2686 Augusti
495 2606 578 2664 venit
598 2623 705 2664 nomen
729 2605 756 2662 ci
778 2605 834 2662 fuit
858 2605 889 2664 Τ.
913 2605 997 2664 Aelio
1018 2603 1188 2680 Antonino),
1210 2605 1274 2663 veri
1298 2604 1395 2663 simile
1416 2622 1475 2661 non
1497 2613 1558 2676 est;
1581 2606 1676 2664 immo

343 2729 473 2771 errorem
503 2707 651 2767 commisit
682 2708 865 2785 biographus
895 2707 990 2765 Marci
1018 2706 1066 2765 vel
1098 2706 1124 2764 is
1154 2725 1243 2784 quem
1275 2707 1458 2782 biographus
1490 2708 1677 2784 compilavit,

344 2814 458 2874 Marius
482 2810 642 2881 Maximus,
665 2827 791 2886 eumque
816 2829 877 2868 non
905 2810 993 2868 nimis
1016 2827 1146 2886 gravem,
1176 2827 1242 2865 cum
1266 2827 1300 2866 eo
1322 2816 1456 2886 tempore
1478 2828 1538 2884 quo
1561 2811 1678 2870 Marius

345 2916 496 2976 Maximus
520 2912 640 2987 scripsit
660 2911 779 2970 sodales
800 2911 998 2970 Antoniniani
1019 2918 1096 2970 recte
1112 2909 1264 2968 Annalicni
1283 2920 1499 2986 nuncupentur.
1543 2911 1679 2989 Inscrip-

343 3019 440 3078 tiones
469 3032 588 3092 quoque
613 3015 645 3072 in
672 3013 782 3090 quibus
804 3013 959 3072 Aureliani
983 3014 1175 3072 inveniuntur
1201 3031 1262 3070 non
1283 3013 1388 3090 primis
1410 3021 1479 3088 post
1499 3013 1549 3072 Pii
1571 3033 1679 3074 conse-

344 3121 508 3180 crationem
534 3115 731 3194 temporibus,
765 3115 818 3174 sed
851 3115 1012 3191 posteriori
1039 3117 1130 3174 aetati
1156 3115 1364 3173 attribuendae
1396 3133 1462 3174 esse
1493 3116 1679 3194 videntur5).

289 3274 295 3280 ,
344 3225 409 3282 Iam
431 3227 505 3297 quot
525 3219 637 3278 fuerint
659 3217 776 3277 sodales
791 3217 999 3289 Antoniniani,
1020 3218 1189 3294 ignoratur3
1213 3227 1243 3274 et
1257 3218 1399 3295 patricios
1416 3225 1445 3276 et
1467 3217 1602 3294 plebeios
1625 3237 1679 3277 eos

344 3326 440 3384 fuisse
462 3322 599 3398 exempla
621 3339 697 3398 quae
723 3320 873 3398 lapidibus
899 3321 986 3379 nobis
1009 3329 1130 3379 servata
1159 3328 1229 3380 sunt
1250 3318 1400 3396 docenti).
1444 3319 1608 3378 Fastorum
1631 3337 1680 3380 so-

422 3528 448 3592 ¹)
484 3525 554 3580 Ball.
574 3521 633 3579 dcll'
655 3529 713 3578 inst.
735 3525 806 3578 1830
825 3543 851 3592 p.
867 3529 928 3577 201.

422 3619 447 3684 1)
486 3619 583 3672 Mersit
596 3656 689 3671 .....
705 3627 729 3671 ct
748 3619 862 3687 templum
880 3625 905 3670 et
923 3618 1024 3670 sodales
1043 3617 1237 3670 Antoninianos.

423 3711 447 3778 ³)
486 3715 659 3765 Antoniniani
678 3729 704 3764 n.
721 3713 791 3763 1-5
811 3711 847 3777 (p.
864 3713 935 3774 219).
1439 3773 1442 3779 .

419 3805 444 3868 ⁴)
483 3803 518 3856 Et
538 3805 674 3856 laudavere
692 3811 794 3872 nterqne
808 3821 859 3873 pro
878 3804 972 3855 rostris
985 3810 1105 3872 patrem.
1122 3811 1188 3856 ..et
1205 3803 1306 3856 sodales
1327 3820 1357 3854 cn
1376 3805 1534 3854 amicissimis
1555 3804 1677 3856 Aurelia-

345 3917 392 3952 nos
411 3914 536 3952 messere.

423 3991 447 4055 ⁵)
486 3991 659 4042 Antoniniani
682 3992 725 4040 11.
747 3992 789 4040 12.
811 3990 845 4040 13
865 3989 901 4055 (p.
917 3989 989 4052 221).

424 4082 449 4147 ⁶)
486 4084 607 4135 Plebeios
626 4083 820 4133 Antoninianos
844 4083 968 4132 habemus
992 4097 1018 4133 n.
1035 4085 1058 4132 1.
1074 4081 1099 4133 3.
1113 4083 1139 4134 4.
1156 4085 1199 4134 10.
1215 4083 1258 4133 13.
1274 4108 1307 4118 -
1323 4083 1443 4134 Ceterum
1462 4082 1554 4132 eadem
1577 4084 1681 4134 ratione

350 4177 487 4244 quainter
506 4177 624 4226 divorum
644 4175 745 4226 sodales
765 4182 791 4224 et
808 4176 932 4241 patricios
952 4181 977 4224 et
995 4175 1111 4241 plebeios
1131 4182 1264 4242 cooptatos
1278 4191 1333 4227 esse
1348 4175 1589 4238 demonstravimus,
1610 4177 1682 4226 idem

349 4272 381 4320 de
400 4269 458 4320 aliis
478 4268 631 4335 quibusdam
651 4267 802 4318 sacerdotiis
822 4268 854 4316 de
875 4268 966 4332 quibus
987 4269 1145 4318 contrarium
1169 4268 1235 4318 falso
1260 4269 1418 4319 statuebatur
1437 4269 1609 4320 demonstrari
1634 4286 1683 4335 po·

346 4369 403 4424 test,
430 4361 532 4412 sodales
557 4361 640 4410 Titios
666 4361 724 4410 dico
750 4367 776 4410 et
800 4361 893 4411 iratres
917 4361 1036 4411 Arvales.
1083 4360 1194 4414 Sodales
1218 4361 1302 4412 Titios
1328 4361 1451 4427 patricios
1476 4377 1578 4426 semper
1601 4361 1684 4413 fuisse

350 4453 432 4506 videri
452 4454 519 4503 dixit
537 4452 731 4518 Marquardtius
751 4454 860 4515 4,147:
891 4459 917 4502 at
936 4459 1007 4502 extat
1025 4451 1122 4504 sodalis
1140 4453 1225 4505 Titius
1243 4455 1359 4518 plebeius
1378 4469 1419 4520 ap.
1438 4453 1587 4506 Wilmauns
1609 4456 1682 4506 1191

349 4547 489 4598 =Renier
510 4545 596 4596 1818:
630 4543 662 4594 P.
682 4543 765 4594 Iulias
783 4543 816 4595 P.
828 4544 855 4610 f.
877 4541 949 4603 Qnir.
974 4543 1101 4596 Geminius
1121 4543 1280 4609 Marcianas,
1295 4583 1302 4597 .
1318 4583 1324 4597 .
1340 4583 1346 4596 .
1360 4545 1457 4597 sodalis
1480 4545 1563 4596 Titias
1564 4582 1683 4608 ......

348 4637 407 4689 trib.
420 4636 486 4706 pleb.
526 4638 630 4688 Fratres
649 4637 759 4687 Arvales
778 4639 902 4703 patricios
923 4653 977 4688 esse
997 4637 1116 4689 debuisse
1135 4639 1263 4689 Marinius
1282 4641 1371 4690 statuit
1390 4640 1440 4689 atti
1456 4655 1481 4704 p.
1493 4639 1584 4701 XVII,
1605 4655 1684 4705 quem

349 4737 449 4782 secutus
473 4737 512 4781 est
534 4729 728 4796 Marquardtius
752 4731 778 4792 4,
799 4731 867 4794 4093
899 4732 1057 4782 contradixit
1080 4731 1257 4782 Mommsenus
1281 4731 1313 4782 R.
1337 4729 1444 4782 Forscl.
1467 4735 1490 4794 1,
1513 4731 1557 4794 79,
1581 4731 1683 4784 nullam

349 4825 437 4874 dicens
460 4823 564 4874 subesse
577 4837 691 4872 *causam
711 4823 828 4888 opinioni
848 4837 863 4872 a
882 4823 996 4874 Marinio
1015 4823 1155 4889 proiectae,
1183 4838 1327 4889 repugnare
1351 4831 1435 4874 autem
1455 4823 1585 4874 silentium
1606 4823 1681 4875 Cice-

348 4916 419 4966 ronis
440 4917 472 4965 de
499 4917 576 4965 domo
598 4916 641 4976 14,
663 4914 705 4965 38.
744 4915 778 4966 Et
802 4929 862 4965 vero
887 4916 1003 4980 plebeios
1027 4917 1095 4966 inter
1120 4916 1230 4966 Arvales
1257 4931 1312 4967 essa
1338 4921 1471 4982 cooptatos
1497 4916 1592 4966 docent
1617 4917 1683 4968 haec

351 5008 484 5072 exempla:
506 5009 653 5060 Wilmauns
674 5009 743 5059 1151
765 5004 805 5069 (0.
827 5005 932 5058 Salvias
954 5005 1013 5074 af.
1032 5005 1086 5059 Vei,
1099 5006 1230 5058 Liberalis
1247 5006 1349 5059 Noniae
1366 5005 1465 5060 Bassus
1465 5045 1581 5072 ......
1593 5009 1683 5075 frater

350 5099 466 5161 Annalis,
492 5100 597 5150 allectas
620 5098 652 5150 ab
679 5099 739 5151 dico
764 5096 918 5168 Vespasiano
943 5108 968 5151 et
992 5101 1051 5152 dico
1075 5099 1132 5152 Tito
1157 5103 1223 5151 inter
1242 5099 1415 5163 tribunicios),·
1440 5101 1680 5170 Wilmauns1159

351 5189 394 5253 (L.
414 5189 497 5242 Iulios
515 5190 548 5242 L.
559 5191 586 5257 s.
600 5189 667 5243 Fal.
686 5189 806 5243 Marinus
828 5189 955 5244 Caecilius
973 5191 1085 5261 Simplex
1086 5230 1202 5257 ......
1216 5192 1310 5244 aedilis
1323 5191 1403 5261 plebi,
1421 5193 1611 5258 ...frater
1629 5193 1680 5244 Ar·

254 5302 257 5307 ·
349 5282 439 5349 valis),
464 5284 545 5336 Orelli
571 5285 642 5336 3382
668 5282 710 5345 (Ρ.
735 5283 850 5335 Metilius
873 5284 905 5335 P.
922 5285 949 5352 f.
978 5283 1034 5338 Ota.
1059 5283 1197 5350 Secundae,
1213 5324 1219 5338 .
1234 5323 1240 5338 .
1256 5323 1262 5336 .
1267 5287 1357 5352 frater
1379 5279 1487 5337 Annalis
1487 5322 1607 5349 ......
1621 5284 1679 5336 trib.
