3596 6040
554 539 632 590 unx
659 539 825 590 nannum
852 541 1101 594 vrrnsonnsrs.
1420 528 1489 597 171

166 719 298 797 quodque
327 713 478 774 metallum
506 732 573 772 cum
600 713 719 774 fodinas
748 721 915 792 puteosque
941 715 1054 776 multos
1081 716 1191 775 habere
1219 718 1338 790 soleret,
1372 720 1494 797 singula

167 821 281 880 metalla
303 818 410 896 plurali
433 834 556 875 numero
579 817 765 894 saepedicta
787 816 897 893 auntl).
941 817 1055 876 Metalli
1071 820 1299 878 metallorumve
1313 821 1419 880 horum
1434 831 1493 883 ter-

167 925 295 982 ritorium
319 940 386 980 eum
408 921 487 978 intra
508 928 605 978 certos
626 920 701 978 fines
724 919 902 978 collocatum
925 920 1019 980 fuisse
1048 932 1201 998 appareat,
1228 925 1383 999 quaeritur
1409 927 1492 984 cuius

166 1025 279 1102 generis
302 1043 338 1082 ea
359 1041 407 1082 res
429 1022 551 1100 publica
571 1021 669 1080 fuerit.
714 1020 788 1082 Cum
811 1023 886 1090 nnlli
908 1023 972 1081 eius
994 1031 1196 1083 memorentur
1220 1043 1276 1084 nec
1298 1027 1492 1102 magistratus

166 1148 217 1188 nec
237 1128 317 1186 cives
339 1124 501 1197 incolasve,
524 1133 656 1184 attamen
678 1125 715 1184 de
736 1125 923 1186 immunitate
945 1125 1060 1203 aliquid
1081 1135 1222 1186 caveatur
1244 1147 1271 1185 r.
1294 1127 1333 1188 49
1357 1147 1493 1205 quaeque

165 1232 204 1290 ibi
223 1230 316 1290 inisse
340 1229 473 1286 videmus
501 1228 640 1286 balneum
668 1228 848 1286 tonstrinum
877 1228 1016 1286 tabernae
1042 1228 1185 1288 fulloniae
1207 1239 1236 1288 et
1262 1231 1379 1307 reliqua
1400 1231 1492 1289 vitam

164 1333 289 1409 quodam
305 1331 393 1388 modo
409 1329 620 1405 municipalem
636 1339 737 1406 aperte
753 1331 895 1402 indicent,
918 1330 1073 1390 adsentior
1095 1333 1326 1405 Mommseno,
1349 1333 1435 1392 cuius
1457 1353 1493 1391 ea

164 1437 198 1494 de
218 1455 251 1494 re
270 1434 442 1512 opinionem
465 1433 543 1490 infra
565 1432 733 1507 expositam
754 1433 839 1490 vides
861 1433 892 1489 in
913 1433 1107 1492 adnotatione
1129 1435 1203 1492 eius.
1248 1432 1369 1494 Scilicet
1388 1436 1493 1495 metal-

163 1539 220 1596 lum
240 1537 427 1612 Vipascense
442 1535 631 1612 vicipagive
652 1535 715 1592 fere
737 1535 941 1594 condicionem
963 1536 1103 1596 habuisse
1128 1538 1201 1596 mihi
1222 1539 1390 1614 persuadeo
1414 1556 1492 1596 sum·

161 1659 300 1716 mumque
321 1639 385 1698 eius
406 1638 615 1714 magistratum
637 1637 731 1696 fuisse
753 1645 976 1713 procuratorem
992 1638 1191 1712 metallorum,
1214 1640 1251 1698 de
1273 1659 1333 1715 quo
1356 1641 1417 1699 iam
1440 1660 1492 1700 ex·

158 1761 275 1820 ponam.

237 1844 429 1903 Lusitaniam
458 1843 643 1920 provinciam
670 1843 739 1901 inde
767 1845 804 1901 ab
831 1843 945 1920 origine
968 1843 1108 1904 Caesaris
1134 1845 1229 1904 fuisse
1255 1851 1383 1903 constat.
1428 1846 1488 1904 Mc·
1503 1853 1631 1903 Procura-

159 1949 228 2006 talla
257 1955 358 2006 autem
386 1966 446 2004 non
474 1946 572 2004 solum
600 1947 632 2004 in
661 1943 803 2004 Caesaris
833 1946 885 2003 sed
912 1946 1000 2004 etiam
1031 1948 1061 2004 in
1092 1957 1213 2006 senatus
1240 1945 1404 2025 provinciis
1432 1939 1635 2006 sci-mimilal·

157 2049 253 2126 musi)
288 2049 431 2126 pleraque
463 2057 515 2106 aut
546 2049 611 2106 fisci
638 2048 733 2106 fuisse
760 2055 811 2106 aut
841 2049 1014 2125 patrimonii
1044 2050 1234 2124 imperatoris
1267 2069 1302 2107 ac
1329 2059 1489 2126 propterea
1524 2021 1609 2070 ¹⁰⁸³ss

158 2175 175 2212 a
209 2151 458 2230 procuratoribus
501 2149 641 2209 Caesaris
684 2150 893 2209 administrata
930 2169 1006 2209 esse.
1072 2151 1154 2210 Fisci
1198 2152 1293 2210 fuisse
1335 2153 1489 2211 metallum

156 2256 342 2333 Vipascense
379 2229 484 2311 titulus
522 2252 571 2310 hic
609 2253 721 2310 diserte
752 2261 893 2310 testatur:
941 2253 1130 2312 venditiones
1170 2255 1336 2314 locationes
1369 2275 1387 2313 a
1420 2275 1489 2332 pro·

157 2369 294 2418 curatore
322 2356 510 2414 metallorum
538 2359 647 2414 nominc
668 2357 735 2431 fisci
760 2354 836 2412 fiunt
857 2374 885 2414 v.
911 2356 962 2426 133
990 2356 1085 2413 multa
1106 2358 1178 2432 fisco
1208 2356 1352 2416 solvenda
1381 2357 1489 2415 dicitur

155 2482 181 2520 v.
206 2461 255 2520 29.
318 2458 394 2518 Cum
432 2477 504 2516 vero
541 2475 597 2516 nec
629 2457 730 2514 omnia
762 2458 854 2515 totius
892 2457 1008 2534 imperii
1041 2458 1163 2515 metalla
1195 2459 1233 2516 ab
1266 2478 1324 2517 uno
1358 2460 1488 2535 quodam

156 2571 351 2642 procuratore
378 2579 494 2619 summo
525 2579 580 2618 nec
608 2560 696 2618 unius
724 2560 868 2636 cuiusque
894 2560 1066 2635 provinciae
1093 2581 1111 2618 a
1133 2561 1262 2638 singulis
1288 2564 1488 2637 procuratori·

155 2669 209 2725 hus
239 2665 454 2723 administrata
480 2681 546 2720 esse
573 2663 729 2739 probabile
757 2661 839 2738 siti),
872 2662 952 2737 quod
978 2663 1009 2720 in
1035 2663 1092 2720 hoc
1119 2662 1205 2720 titulo
1231 2673 1407 2740 procurator
1429 2665 1488 2723 sol·

152 2769 254 2842 lemni,
280 2775 312 2824 ut
334 2751 469 2842 apparet,
492 2765 623 2824 muneris
646 2765 852 2841 designatione
875 2783 964 2840 saepe
987 2765 1096 2822 dicitur
1114 2776 1290 2840 procurator
1310 2767 1487 2826 metallorum

155 2871 215 2930 ai
236 2872 253 2928 3
274 2871 311 2929 15
328 2870 367 2927 30
384 2868 422 2927 57
447 2866 539 2943 (unde
561 2867 764 2944 supplevimus
787 2886 815 2925 v.
841 2868 893 2944 13)
921 2876 972 2925 ant
990 2875 1165 2942 procurator
1185 2871 1236 2943 pai
1256 2869 1380 2927 metallis
1398 2887 1487 2945 prae·

152 2977 204 3032 erit
225 2992 257 3030 v.
282 2970 331 3042 21,
353 2971 385 3027 id
406 2978 459 3027 aut
479 2970 523 3027 ita
548 2970 761 3046 explicandum
784 2970 850 3041 erit,
877 2979 909 3028 ut
936 2978 1102 3028 statuamus
1129 2989 1197 3028 eum
1223 2989 1283 3028 non
1306 2969 1487 3048 Vipascensi

151 3085 267 3135 tantum
290 3073 413 3132 metallo
436 3073 488 3130 sed
511 3073 601 3130 etiarn
623 3073 691 3131 aliis
713 3072 819 3130 vicinis
842 3079 915 3148 puto
939 3073 1069 3131 metallis
1092 3073 1272 3150 praefuisse,
1298 3083 1350 3131 aut
1372 3074 1486 3149 simpli-

151 3182 224 3238 citer
247 3179 300 3249 ita,
328 3183 360 3233 ut
382 3176 471 3234 etiarn
495 3176 585 3234 unius
609 3176 735 3234 alicuius
757 3176 890 3251 regionis
913 3175 1037 3233 metalla
1058 3175 1167 3252 plurali
1192 3193 1315 3234 numero
1336 3177 1485 3235 interdum

150 3283 313 3360 designata
333 3297 402 3338 esse
424 3287 572 3354 putemus.
617 3276 706 3336 Certe
728 3277 808 3352 quod
831 3275 1063 3337 Soromenius
1086 3279 1293 3355 proposuitv.
1311 3277 1328 3335 2
1344 3286 1420 3338 extr.
1442 3280 1485 3337 le·

150 3385 280 3463 gendum
299 3379 501 3459 proc(nrator)
528 3380 707 3438 metallorum
728 3379 925 3456 La[aitaniae]
953 3389 1033 3437 stare
1059 3399 1119 3460 non
1146 3389 1253 3458 potest.
1299 3379 1381 3440 Casu
1407 3382 1485 3439 enim
1538 3419 1539 3423 =

151 3497 278 3557 tantum,
304 3493 336 3543 ut
358 3492 496 3559 ectypum
521 3492 550 3540 et
571 3483 670 3558 imago
693 3482 903 3559 photographa
924 3483 1140 3555 demonstrant,
1168 3501 1175 3539 1
1198 3484 1251 3541 illa
1271 3501 1286 3540 L
1308 3484 1424 3542 litterae
1446 3485 1486 3542 si·

150 3591 232 3648 milis
254 3587 361 3658 evasit,
388 3605 455 3644 cum
478 3585 556 3643 infra
577 3575 688 3643 lineola
710 3593 863 3662 appareat,
886 3603 1020 3660 quaene
1042 3594 1124 3643 recta
1143 3587 1263 3661 quidem
1285 3593 1339 3658 est,
1363 3595 1395 3644 ut
1417 3603 1485 3646 esse

148 3693 263 3763 debuit,
287 3691 340 3748 sed
362 3689 493 3764 obliqua.

232 3793 285 3852 Ad
306 3792 459 3850 metallum
485 3791 576 3867 igitur
597 3791 783 3865 Vipascense
809 3791 1000 3866 regionemve
1022 3809 1098 3862 eam,
1125 3791 1156 3848 in
1178 3809 1238 3866 qua
1263 3793 1338 3850 fines
1365 3792 1482 3850 territo·
1501 3806 1557 3854 Lex
1571 3822 1623 3856 me-

148 3899 231 3957 riave
254 3897 317 3955 eius
340 3894 453 3954 metalli
475 3893 606 3964 fuerunt,
629 3893 679 3950 lex
698 3893 773 3950 haee
795 3893 946 3968 pertinuit.
990 3891 1102 3968 Legem
1119 3909 1185 3950 esse
1201 3893 1326 3967 teripsa
1340 3901 1482 3952 testatur:
1533 3890 1586 3938 ‘⁸¹¹1

150 4001 276 4077 paodea
297 3999 349 4055 hoc
371 3999 462 4071 capite
485 3996 884 4071 lepis...datnrn...erit
898 4015 924 4053 v.
942 3993 970 4065 8,
997 3994 1322 4070 qa[odealroccapite]
1339 3996 1408 4071 lepis
1425 4039 1432 4052 .
1449 4039 1481 4054 ..

148 4103 292 4162 debebitur
319 4120 347 4158 v.
369 4101 418 4169 51,
446 4117 459 4156 a
486 4098 545 4173 lepc
572 4097 695 4156 metallis
723 4099 799 4154 dicta
828 4116 857 4153 v.
874 4097 922 4155 59.
967 4096 1068 4154 Etiam
1094 4098 1151 4154 hoc
1179 4098 1285 4155 ultimo
1311 4099 1378 4155 loco
1405 4099 1482 4156 hanc

149 4207 248 4281 ipsam
269 4204 365 4279 legem
392 4200 519 4258 indicari
545 4199 682 4275 equidem
704 4208 791 4276 puto;
820 4198 872 4257 sed
896 4208 995 4274 potest
1016 4219 1052 4257 ea
1075 4200 1275 4258 dorsetiam
1298 4200 1384 4259 aliter
1405 4201 1481 4258 iudi-

150 4309 220 4367 cari.
265 4307 392 4364 Restant
414 4303 533 4378 reliqua
560 4301 732 4360 testimonia
759 4303 816 4361 duo
843 4312 933 4374 certa,
961 4321 1038 4378 quae
1066 4322 1125 4360 non
1150 4320 1242 4380 posse
1265 4313 1401 4381 spectare
1424 4304 1481 4362 nisi

148 4473 353 4484 ..—.-----

226 4594 249 4656 1)
287 4592 330 4643 Ita
348 4593 375 4641 in
394 4593 505 4641 nummis
526 4607 627 4657 quoque
648 4592 756 4641 Traiani
776 4599 801 4640 et
819 4592 947 4641 Hadriani
967 4593 1073 4656 pluralis
1092 4608 1214 4642 numerus
1232 4593 1305 4641 iuxta
1324 4594 1480 4656 singularem

148 4695 285 4752 usurpatur
305 4686 460 4746 discrimine,
482 4685 503 4733 si
522 4684 578 4743 tuit,
600 4684 675 4733 nohis
695 4685 817 4734 obscuro:
846 4685 943 4734 metalli
964 4682 1077 4752 Ulpiani,
1103 4684 1254 4746 Pannonici,
1277 4682 1425 4733 Dardanici
1443 4685 1480 4734 eis

147 4781 298 4844 inscriptum
323 4784 367 4838 est,
395 4778 441 4826 sed
468 4777 544 4825 etiam
565 4775 675 4826 Aeliana
700 4775 845 4839 Pincensia,
871 4777 1001 4840 metallis)
1021 4777 1170 4826 Arcrclianis
1198 4777 1335 4838 (Eckhel
1355 4777 1381 4825 d.
1400 4778 1480 4826 n.VI

149 4889 173 4937 p.
187 4870 306 4933 445ss.).

223 4962 248 5026 ²)
286 4963 353 5013 Vide
385 4963 612 5028 Marquardtii
643 4962 705 5010 rim.
734 4959 980 5028 Staatanerwnltnnp
1012 4964 1039 5011 ll
1071 4978 1096 5026 p.
1122 4962 1174 5011 255
1192 4977 1225 5010 ss.
1254 4976 1370 5026 quaeque
1397 4976 1479 5026 nuper

148 5055 397 5106 hirsehleldius
424 5055 456 5103 de
482 5055 519 5104 eis
545 5056 664 5120 exposuit
691 5056 718 5103 in
744 5054 810 5102 libro
841 5071 887 5104 suo
915 5051 1136 5119 Unterancltanpen
1159 5053 1208 5118 ans
1230 5052 1283 5104 dem
1311 5052 1410 5104 Gabiete
1433 5052 1478 5102 der

146 5146 284 5198 ronriaclen
308 5145 625 5213 Verwcltnnpapeaclrichte
643 5149 658 5197 I
677 5146 772 5207 (Berol.
795 5145 876 5207 1876)
896 5163 921 5211 p.
936 5148 1011 5196 72ss.

221 5236 246 5300 3)
284 5239 325 5289 Cl.
344 5239 595 5290 Hirschfeldius
614 5241 632 5289 l.
654 5257 674 5290 s.
695 5255 715 5288 s.
735 5255 759 5302 p.
776 5240 818 5287 87.
