3620 6050
417 600 582 652 0000000
611 601 904 652 100000000000
931 601 1017 652 rom
1043 601 1199 651 000001.
1399 582 1471 653 245

224 775 262 831 Α.
281 773 359 834 1813
376 775 403 832 d.
422 772 460 832 23
476 775 564 833 Mart.
588 775 745 834 eruderate
759 776 841 833 basis
864 776 1020 833 columnae
1036 773 1135 833 Focae
1158 773 1200 849 (0.
1221 775 1302 851 134).
1346 777 1473 854 inscrip-

141 878 257 934 tionum
280 895 357 952 quae
379 895 456 935 nunc
478 895 596 953 quoque
619 879 660 936 ibi
684 885 788 936 extant
810 897 946 955 quasque
974 878 1029 935 sub
1051 877 1121 935 divo
1144 877 1282 936 extitisse
1304 897 1357 954 per
1378 899 1472 938 anuos

141 980 255 1037 multos
277 980 362 1037 color
382 979 448 1055 ipse
469 979 603 1056 lapidum
627 981 749 1051 indicat,
776 989 873 1038 utrum
897 989 967 1039 tunc
990 999 1028 1037 an
1050 989 1158 1056 postea
1179 998 1225 1038 aa.
1251 979 1330 1038 1834
1343 998 1384 1040 ss.
1428 982 1473 1038 in·

140 1081 223 1140 venti
246 1081 308 1138 sint
329 1080 370 1156 (v.
393 1101 419 1139 e.
442 1100 467 1140 c.
491 1081 540 1140 23.
565 1082 614 1140 24.
638 1081 686 1140 62.
714 1081 901 1159 142-144)
929 1083 1002 1140 mihi
1028 1099 1087 1140 000
1115 1083 1211 1159 magis
1238 1089 1356 1142 constat
1383 1102 1473 1159 quam

142 1183 313 1254 editoribus¹
329 1182 407 1242 CIL.

226 1287 284 1344 Aa.
310 1284 524 1346 1814-1817
549 1287 612 1346 Fea
638 1288 710 1362 quid
741 1287 925 1365 praestiterit
956 1288 987 1345 in
1019 1287 1086 1345 foro
1113 1285 1300 1346 eruderando
1328 1286 1411 1363 (narn
1437 1289 1474 1347 de

141 1390 212 1448 aliis
243 1389 319 1448 locis
347 1388 396 1446 hic
424 1390 570 1466 tacemus)
596 1389 716 1448 adiutus
750 1399 920 1448 exterorum
949 1390 1118 1467 sumptibus
1151 1390 1294 1466 exposuit
1325 1391 1356 1449 in
1388 1392 1473 1450 libris

141 1491 297 1568 inscriptis
319 1487 499 1550 ‘Prodromo
527 1491 557 1550 di
581 1510 678 1550 nuova
705 1493 910 1552 osservazioni
934 1487 1066 1569 (tates,
1099 1489 1214 1550 ‘Nuovi
1235 1493 1403 1552 frammenti
1426 1490 1474 1552 de'

144 1593 231 1651 Fasti
261 1593 413 1652 consolari
436 1589 569 1670 (1820)’,
595 1591 732 1652 ‘Varietb
760 1595 789 1652 di
817 1597 927 1653 notizie
954 1589 1086 1670 (182Ο)’,
1116 1594 1170 1652 sed
1198 1612 1280 1652 more
1302 1613 1374 1667 suo,
1403 1606 1475 1656 uta

143 1695 334 1773 publicandis
361 1695 437 1754 actis
465 1695 661 1755 effossionum
688 1714 816 1756 exorsus
846 1716 916 1754 mox
939 1697 976 1754 ad
998 1697 1145 1773 gravioris
1167 1699 1310 1755 momenti
1331 1716 1379 1756 res
1402 1719 1474 1757 enu-

142 1798 268 1856 cleatius
297 1797 468 1856 tractandas
496 1807 681 1874 evagaretur.
729 1799 858 1858 breviter
884 1819 946 1857 rem
974 1799 1070 1876 tetigit
1095 1799 1197 1876 Nibby
1224 1799 1243 1857 l.
1272 1799 1310 1857 ad
1337 1820 1363 1858 a.
1396 1801 1472 1859 1803

142 1901 243 1958 citato.
290 1900 378 1959 audio
407 1918 491 1976 spem
517 1918 584 1958 esse
611 1902 675 1959 fore
703 1911 736 1959 ut
764 1911 831 1960 acta
853 1902 920 1977 ipsa
947 1902 1010 1960 sive
1033 1901 1159 1960 schedae
1181 1901 1245 1960 eius
1268 1901 1399 1977 integrae
1422 1904 1475 1961 ali·

145 2001 266 2078 quando
288 2002 319 2058 in
341 2002 438 2060 lucem
458 2003 643 2080 evolgentur.
687 2003 803 2062 interim
826 2005 870 2063 eis
892 2003 1035 2062 utendum
1055 2022 1131 2078 quae
1153 2024 1207 2080 per
1228 2003 1297 2062 illos
1312 2022 1388 2079 quos
1411 2006 1474 2063 dixi

141 2104 236 2162 libros
258 2122 367 2181 sparsa
389 2112 468 2162 sunt.

227 2207 266 2264 A.
293 2206 372 2264 1816
395 2207 477 2281 (inde
499 2227 526 2265 a.
551 2227 588 2266 m.
612 2209 736 2284 Martio)
765 2227 811 2285 sq.
835 2209 939 2286 templi
960 2206 1097 2267 Castoris
1123 2209 1233 2284 gradus
1260 2219 1290 2268 et
1315 2211 1394 2268 latus
1417 2231 1475 2269 ure-

142 2309 289 2367 ridionale
311 2310 470 2368 eruderate
491 2318 561 2368 sunt
583 2310 624 2385 (v.
643 2311 682 2368 ad
697 2331 725 2368 0.
743 2311 805 2386 70).
851 2313 955 2370 eodem
978 2321 1112 2386 tempore
1131 2312 1210 2370 circa
1232 2312 1398 2370 columnam
1413 2314 1475 2372 1⁴¹0-

144 2431 195 2469 cae
218 2411 335 2487 aliquot
356 2413 568 2489 inscriptiones
592 2413 726 2472 detectae
748 2413 789 2489 (v.
813 2415 851 2471 ad
876 2413 933 2472 135
947 2413 1004 2488 ss.)
1034 2415 1104 2472 item
1127 2415 1239 2489 gradus
1261 2415 1403 2474 basilicae
1425 2417 1475 2473 Iu·

144 2513 202 2572 liae
225 2523 255 2570 et
276 2515 367 2572 bases
394 2515 530 2590 ingentes
551 2515 702 2574 latericias
725 2516 814 2588 duae,
842 2517 959 2574 detecta
980 2516 1089 2574 rudera
1109 2515 1192 2575 aedis
1215 2514 1400 2574 Concordiae
1423 2517 1475 2592 (ad

145 2637 172 2674 n.
199 2618 233 2674 11
251 2616 308 2691 00.)
331 2617 460 2691 clivique
483 2615 646 2694 Capitolini
670 2617 756 2692 (Var.
780 2619 860 2694 65).

227 2719 266 2775 A.
294 2719 373 2776 1818
396 2718 494 2776 (10000
522 2738 629 2778 versus
657 2721 811 2778 basilicam
837 2720 945 2778 Iuliam
974 2732 1054 2778 terra
1080 2730 1230 2780 commota
1256 2721 1408 2780 inventum
1431 2723 1475 2780 10-

142 2821 241 2897 gentis
264 2821 468 2897 inscriptionis
491 2822 627 2896 publicae
649 2823 808 2880 frustulum
831 2842 859 2878 n.
877 2821 926 2880 25.

201 2924 266 2980 Ἀ.
293 2921 374 2980 1824
406 2924 523 3000 legatus
549 2924 817 3003 Francogallorum
848 2923 1034 2984 Concordiae
1066 2927 1169 3003 templi
1201 2927 1392 2987 effossionem
1425 2931 1476 2988 ab·

146 3025 276 3084 solvisse
297 3026 392 3084 fertur
414 3026 455 3100 (v.
479 3047 506 3084 n.
533 3027 593 3102 17).

228 3129 267 3184 A.
294 3126 508 3187 1827-1834.
552 3127 663 3186 Leonis
687 3129 751 3188 ΧΠ
772 3130 858 3188 10000
881 3149 907 3187 0.
933 3129 1011 3188 1827
1035 3130 1131 3189 denuo
1153 3132 1233 3207 quod
1256 3133 1332 3191 inter
1355 3132 1475 3210 Capito-

143 3231 215 3289 lium
239 3238 269 3286 et
292 3228 457 3289 Colliseum
479 3231 557 3288 inter
579 3238 624 3289 est
646 3233 736 3290 effodi
759 3240 912 3308 coeptum3
934 3232 1050 3291 initium
1072 3234 1183 3292 factum
1207 3255 1224 3293 a
1243 3233 1385 3307 Colliseo,
1408 3236 1474 3295 dein

136 3337 176 3408 su
202 3336 371 3392 comiact‘ato
398 3334 425 3390 lo
453 3335 674 3408 spomdrameato
701 3338 802 3393 1011ον0
826 3335 904 3394 della
921 3336 1012 3409 selda
1037 3333 1268 3412 0001101100,Ῑο
1289 3340 1426 3414 ampliato
1450 3340 1476 3396 lo

144 3455 230 3495 aeaco
257 3440 370 3494 intorno
398 3435 459 3493 alla
486 3436 607 3494 0010000
633 3437 665 3493 dt
691 3437 771 3496 Foca
798 3457 812 3495 0
831 3435 870 3512 sa
892 3440 1056 3514 lapraaditc
1079 3440 1174 3515 quello
1197 3441 1274 3498 della
1299 3436 1476 3499 Grecostaai'

144 3539 177 3613 (i.
194 3558 220 3595 e.
245 3538 349 3614 templi
365 3535 549 3613 Castorum).
593 3535 695 3614 ‘questi
717 3539 969 3598 lacoridcraroao
984 3540 1145 3599 dall'ormo
1160 3541 1243 3600 1829
1258 3542 1311 3618 fia'
1333 3543 1384 3601 all’
1400 3563 1476 3602 0000

143 3641 242 3699 18340
272 3643 505 3716 posteriormeate
536 3643 633 3697 000001
662 3635 820 3698 0011001011
848 3641 965 3718 (Nibby
986 3643 1024 3700 R.
1046 3661 1072 3700 a.
1094 3643 1199 3714 2,180
1222 3644 1260 3702 01.
1284 3644 1358 3721 75),·
1388 3641 1477 3721 ‘aegla'

145 3746 226 3801 scaci
241 3745 315 3818 fatti
336 3742 406 3799 dall’
431 3761 450 3799 a
471 3741 556 3800 1827
577 3741 628 3799 att’
652 3742 781 3812 01834,
804 3747 834 3800 ai
856 3745 939 3818 quali
961 3746 995 3800 bo
1018 3748 1155 3818 assistite,
1178 3746 1261 3804 molta
1281 3758 1387 3826 memte
1408 3767 1476 3806 1000

146 3855 218 3904 01010
245 3853 371 3919 00000010
393 3863 546 3920 ..presso
574 3843 604 3900 10
629 3843 748 3901 0010000
776 3845 806 3901 di
831 3845 913 3902 Facu
940 3848 976 3903 ed
1001 3847 1059 3903 alle
1079 3847 1166 3922 felde
1193 3849 1239 3905 dcl
1268 3849 1477 3926 0000100910,

146 3948 210 4004 0010
238 3966 258 4004 0
285 3947 347 4004 dire
371 3947 418 4004 001
443 3957 528 4005 100110
555 3964 697 4021 comprare
723 3946 797 4004 00110
825 3948 1004 4005 demolitione·
1029 3949 1061 4004 a·
1081 3948 1173 4006 Panlo
1195 3949 1253 4007 ΙΙΙ
1272 3969 1285 4007 0
1304 3955 1360 4027 fra
1387 3953 1478 4027 quelle

145 4058 252 4108 moneta
283 4051 315 4106 dt
347 4057 414 4107 10110
446 4050 547 4124 cpoclte
580 4052 659 4107 varic
680 4067 715 4106 00
740 4051 849 4124 furcae
883 4060 990 4108 trecate
1021 4050 1065 4106 col
1096 4069 1175 4108 00000
1204 4069 1217 4108 0
1244 4053 1309 4109 coll'
1338 4073 1420 4112 orma
1447 4056 1478 4112 dt

148 4151 241 4209 Paolo
264 4151 323 4208 III
340 4153 382 4209 ad
408 4169 467 4208 aaa
489 4153 660 4228 profundite
687 4151 914 4228 rappcardevola
941 4151 992 4209 dal
1012 4155 1104 4226 picco
1131 4153 1239 4212 ottualc
1266 4174 1280 4212 a
1306 4174 1395 4232 sopra
1417 4161 1480 4216 10111

148 4257 159 4309 a'
176 4257 263 4328 pacti
284 4253 358 4311 dello
380 4271 464 4312 00000
487 4253 540 4329 (11).
559 4273 588 4329 p.
608 4253 691 4328 177).
734 4253 958 4331 inscriptionem
981 4275 1016 4312 00
1037 4261 1215 4330 tempestate
1237 4265 1384 4331 repertam
1407 4261 1478 4318 novi

147 4373 236 4412 unam
258 4375 287 4412 n.
313 4355 386 4413 129:
410 4363 440 4412 01
462 4355 506 4413 010
528 4355 603 4433 ipsis
627 4355 713 4414 00010
736 4357 846 4433 quibus
871 4376 934 4414 rem
956 4357 1163 4434 neglegentius
1190 4358 1357 4434 lentiusque
1381 4369 1477 4420 actam

145 4457 293 4516 audimus

229 4559 287 4618 Aa.
314 4559 402 4618 1834.
428 4559 507 4619 1835
530 4543 649 4635 'reperti
683 4570 754 4619 sunt
787 4563 843 4620 sub
866 4560 1020 4638 Capitolio
1053 4561 1156 4620 titulus
1186 4583 1214 4620 0.
1236 4561 1264 4634 6,
1290 4564 1321 4621 10
1350 4565 1478 4624 basilica

148 4661 227 4719 Iulia
248 4661 326 4720 tituli
350 4661 399 4721 26.
424 4661 462 4719 29
487 4661 525 4720 ad
547 4682 649 4720 arcum
672 4659 775 4722 Severi
798 4684 826 4722 n.
845 4664 903 4723 129
928 4665 966 4722 ad
988 4665 1156 4723 columnam
1179 4664 1279 4722 Focae
1301 4666 1415 4725 n.140.

233 4762 293 4824 Sed
315 4783 350 4823 eo
373 4783 411 4822 ex
434 4773 568 4840 tempore
593 4765 630 4823 ad
653 4784 762 4823 annum
789 4783 883 4841 usque
909 4765 987 4825 1872
1010 4769 1216 4843 quodcumque
1239 4768 1269 4825 in
1292 4767 1356 4826 foro
1379 4777 1478 4828 actum

148 4866 281 4925 Institnti
296 4866 391 4925 nostri
412 4866 607 4925 relationibus
629 4867 833 4942 laudabilique
849 4869 996 4927 sociorum
1012 4870 1076 4928 eius
1099 4879 1159 4928 tam
1183 4889 1372 4929 romanorum
1388 4890 1476 4948 quam

147 4984 356 5043 germanorum
384 4986 530 5045 concursu
557 4969 669 5044 publici
696 4969 770 5026 iuris
792 4969 916 5042 factum,
950 4971 1020 5029 licet
1045 4973 1077 5030 in
1104 4973 1152 5031 his
1179 4991 1297 5048 quoque
1324 4971 1477 5032 desideres

150 5079 283 5128 actorum
306 5071 480 5146 plenitatem
502 5079 591 5146 atque
612 5073 642 5129 in
664 5071 795 5129 minimis
828 5074 1056 5131 accurationem.
1101 5093 1170 5132 nam
1203 5076 1284 5152 quod
1316 5093 1407 5150 supra
1440 5076 1478 5132 ad

151 5189 177 5228 a.
202 5171 281 5232 1813
304 5173 474 5232 monuimus
496 5174 625 5248 pertinet
646 5174 734 5231 etiam
757 5173 794 5230 ad
817 5192 862 5230 aa.
888 5175 967 5233 1849
981 5191 1021 5232 00.
1045 5185 1164 5236 0000101
1185 5185 1293 5238 autem.
