<?xml version="1.0" encoding="UTF-8"?>
<!DOCTYPE html PUBLIC "-//W3C//DTD XHTML 1.0 Transitional//EN"
    "http://www.w3.org/TR/xhtml1/DTD/xhtml1-transitional.dtd">
<html xmlns="http://www.w3.org/1999/xhtml" xml:lang="en" lang="en">
 <head>
  <title>
</title>
<meta http-equiv="Content-Type" content="text/html;charset=utf-8" />
  <meta name='ocr-system' content='tesseract 3.04.00' />
  <meta name='ocr-capabilities' content='ocr_page ocr_carea ocr_par ocr_line ocrx_word'/>
</head>
<body>
  <div class='ocr_page' id='page_1' title='image "./ephemerisepigra13instgoog_0247.png"; bbox 0 0 3620 6050; ppageno 0'>
   <div class='ocr_carea' id='block_1_1' title="bbox 336 574 1090 646">
    <p class='ocr_par' dir='ltr' id='par_1_1' title="bbox 336 574 1090 646">
     <span class='ocr_line' id='line_1_1' title="bbox 336 574 1090 646; baseline -0.008 -1"><span class='ocrx_word' id='word_1_1' title='bbox 336 574 409 646; x_wconf 78' lang='lat'><em>232</em></span> <span class='ocrx_word' id='word_1_2' title='bbox 615 579 617 582; x_wconf 83' lang='grc'><strong>’</strong></span> <span class='ocrx_word' id='word_1_3' title='bbox 908 589 1090 640; x_wconf 85' lang='lat' dir='ltr'><em>uounsurv</em></span> 
     </span>
    </p>
   </div>
   <div class='ocr_carea' id='block_1_2' title="bbox 256 764 1670 1358">
    <p class='ocr_par' dir='ltr' id='par_1_2' title="bbox 256 764 1670 1358">
     <span class='ocr_line' id='line_1_2' title="bbox 336 764 1669 844; baseline 0 -17"><span class='ocrx_word' id='word_1_4' title='bbox 336 768 398 828; x_wconf 86' lang='lat' dir='ltr'><em>cias</em></span> <span class='ocrx_word' id='word_1_5' title='bbox 425 767 582 844; x_wconf 90' lang='lat' dir='ltr'><em>inquirunt</em></span> <span class='ocrx_word' id='word_1_6' title='bbox 608 785 671 824; x_wconf 91' lang='lat' dir='ltr'><em>rem</em></span> <span class='ocrx_word' id='word_1_7' title='bbox 693 765 811 844; x_wconf 85' lang='lat' dir='ltr'>plenius</span> <span class='ocrx_word' id='word_1_8' title='bbox 833 765 1044 843; x_wconf 78' lang='lat' dir='ltr'><strong>pervestigent.</strong></span> <span class='ocrx_word' id='word_1_9' title='bbox 1089 764 1128 822; x_wconf 86' lang='lat' dir='ltr'><em>Et</em></span> <span class='ocrx_word' id='word_1_10' title='bbox 1149 765 1205 822; x_wconf 91' lang='lat' dir='ltr'><em>hoo</em></span> <span class='ocrx_word' id='word_1_11' title='bbox 1228 764 1347 840; x_wconf 90' lang='lat' dir='ltr'><em>quidem</em></span> <span class='ocrx_word' id='word_1_12' title='bbox 1370 766 1470 824; x_wconf 89' lang='lat' dir='ltr'><em>statim</em></span> <span class='ocrx_word' id='word_1_13' title='bbox 1493 776 1576 843; x_wconf 90' lang='lat' dir='ltr'><em>patet</em></span> <span class='ocrx_word' id='word_1_14' title='bbox 1598 788 1669 827; x_wconf 89' lang='lat' dir='ltr'><em>cou-</em></span> 
     </span>
     <span class='ocr_line' id='line_1_3' title="bbox 337 866 1669 947; baseline 0 -18"><span class='ocrx_word' id='word_1_15' title='bbox 337 869 523 930; x_wconf 77' lang='lat' dir='ltr'>suetudinem</span> <span class='ocrx_word' id='word_1_16' title='bbox 551 888 627 940; x_wconf 90' lang='lat' dir='ltr'><em>cam,</em></span> <span class='ocrx_word' id='word_1_17' title='bbox 656 868 693 927; x_wconf 90' lang='lat' dir='ltr'><em>de</em></span> <span class='ocrx_word' id='word_1_18' title='bbox 721 887 780 944; x_wconf 90' lang='lat' dir='ltr'><em>qua</em></span> <span class='ocrx_word' id='word_1_19' title='bbox 808 867 934 943; x_wconf 82' lang='lat' dir='ltr'>agimus,</span> <span class='ocrx_word' id='word_1_20' title='bbox 962 866 1001 926; x_wconf 88' lang='lat' dir='ltr'><em>ad</em></span> <span class='ocrx_word' id='word_1_21' title='bbox 1028 867 1224 942; x_wconf 89' lang='lat' dir='ltr'><em>imperatores</em></span> <span class='ocrx_word' id='word_1_22' title='bbox 1245 867 1340 926; x_wconf 90' lang='lat' dir='ltr'><em>Iuliae</em></span> <span class='ocrx_word' id='word_1_23' title='bbox 1367 869 1466 944; x_wconf 82' lang='lat' dir='ltr'><em>gentis</em></span> <span class='ocrx_word' id='word_1_24' title='bbox 1493 888 1554 928; x_wconf 94' lang='lat' dir='ltr'><em>non</em></span> <span class='ocrx_word' id='word_1_25' title='bbox 1575 872 1669 947; x_wconf 90' lang='lat' dir='ltr'><em>perti·</em></span> 
     </span>
     <span class='ocr_line' id='line_1_4' title="bbox 256 967 1669 1048; baseline 0 -16"><span class='ocrx_word' id='word_1_26' title='bbox 256 1005 258 1010; x_wconf 95' lang='lat'>·</span> <span class='ocrx_word' id='word_1_27' title='bbox 336 992 415 1032; x_wconf 89' lang='lat' dir='ltr'><em>nere.</em></span> <span class='ocrx_word' id='word_1_28' title='bbox 460 973 630 1048; x_wconf 82' lang='lat' dir='ltr'><em>Augustum</em></span> <span class='ocrx_word' id='word_1_29' title='bbox 658 969 818 1030; x_wconf 84' lang='lat' dir='ltr'>Suetonius</span> <span class='ocrx_word' id='word_1_30' title='bbox 850 968 890 1046; x_wconf 91' lang='lat' dir='ltr'><em>(c.</em></span> <span class='ocrx_word' id='word_1_31' title='bbox 911 969 965 1040; x_wconf 79' lang='lat' dir='ltr'><em>to)</em></span> <span class='ocrx_word' id='word_1_32' title='bbox 999 989 1064 1028; x_wconf 91' lang='lat' dir='ltr'><em>oum</em></span> <span class='ocrx_word' id='word_1_33' title='bbox 1098 969 1207 1028; x_wconf 86' lang='lat' dir='ltr'><em>referat</em></span> <span class='ocrx_word' id='word_1_34' title='bbox 1234 969 1374 1028; x_wconf 79' lang='lat' dir='ltr'><strong><em>Fabianis</em></strong></span> <span class='ocrx_word' id='word_1_35' title='bbox 1401 980 1428 1028; x_wconf 86' lang='lat' dir='ltr'><em>et</em></span> <span class='ocrx_word' id='word_1_36' title='bbox 1452 967 1669 1048; x_wconf 63' lang='lat' dir='ltr'><em>Scaptiensibus</em></span> 
     </span>
     <span class='ocr_line' id='line_1_5' title="bbox 336 1061 1670 1146; baseline -0.002 -10"><span class='ocrx_word' id='word_1_37' title='bbox 336 1076 484 1136; x_wconf 79' lang='lat' dir='ltr'><em>tribulibus</em></span> <span class='ocrx_word' id='word_1_38' title='bbox 513 1077 573 1133; x_wconf 85' lang='lat' dir='ltr'><em>suis</em></span> <span class='ocrx_word' id='word_1_39' title='bbox 605 1073 683 1132; x_wconf 87' lang='lat' dir='ltr'><em>dona</em></span> <span class='ocrx_word' id='word_1_40' title='bbox 708 1071 838 1144; x_wconf 83' lang='lat' dir='ltr'><em>dedisse,</em></span> <span class='ocrx_word' id='word_1_41' title='bbox 865 1071 993 1130; x_wconf 86' lang='lat' dir='ltr'><em>efficitur</em></span> <span class='ocrx_word' id='word_1_42' title='bbox 1018 1061 1086 1129; x_wconf 82' lang='lat' dir='ltr'><em>inde</em></span> <span class='ocrx_word' id='word_1_43' title='bbox 1113 1071 1208 1130; x_wconf 91' lang='lat' dir='ltr'><em>Iulios</em></span> <span class='ocrx_word' id='word_1_44' title='bbox 1234 1071 1376 1146; x_wconf 85' lang='lat' dir='ltr'><em>patricios</em></span> <span class='ocrx_word' id='word_1_45' title='bbox 1405 1072 1436 1130; x_wconf 94' lang='lat' dir='ltr'><em>in</em></span> <span class='ocrx_word' id='word_1_46' title='bbox 1463 1072 1561 1138; x_wconf 87' lang='lat' dir='ltr'><em>Fabia</em></span> <span class='ocrx_word' id='word_1_47' title='bbox 1589 1076 1670 1133; x_wconf 90' lang='lat' dir='ltr'><em>tribu</em></span> 
     </span>
     <span class='ocr_line' id='line_1_6' title="bbox 337 1171 1670 1252; baseline -0.002 -14"><span class='ocrx_word' id='word_1_48' title='bbox 337 1179 467 1238; x_wconf 85' lang='lat' dir='ltr'><em>censitos</em></span> <span class='ocrx_word' id='word_1_49' title='bbox 496 1195 573 1249; x_wconf 88' lang='lat' dir='ltr'><em>esse,</em></span> <span class='ocrx_word' id='word_1_50' title='bbox 603 1175 746 1236; x_wconf 86' lang='lat' dir='ltr'><em>Octavios</em></span> <span class='ocrx_word' id='word_1_51' title='bbox 775 1181 874 1232; x_wconf 91' lang='lat' dir='ltr'><em>autem</em></span> <span class='ocrx_word' id='word_1_52' title='bbox 903 1175 935 1232; x_wconf 91' lang='lat' dir='ltr'><em>in</em></span> <span class='ocrx_word' id='word_1_53' title='bbox 965 1171 1100 1252; x_wconf 85' lang='lat' dir='ltr'><em>Scaptia3</em></span> <span class='ocrx_word' id='word_1_54' title='bbox 1132 1181 1163 1232; x_wconf 88' lang='lat' dir='ltr'><em>at</em></span> <span class='ocrx_word' id='word_1_55' title='bbox 1191 1174 1222 1231; x_wconf 93' lang='lat' dir='ltr'><em>in</em></span> <span class='ocrx_word' id='word_1_56' title='bbox 1250 1175 1387 1246; x_wconf 92' lang='lat' dir='ltr'><em>coloniis,</em></span> <span class='ocrx_word' id='word_1_57' title='bbox 1417 1193 1492 1251; x_wconf 90' lang='lat' dir='ltr'><em>quas</em></span> <span class='ocrx_word' id='word_1_58' title='bbox 1522 1174 1670 1236; x_wconf 86' lang='lat' dir='ltr'><em>Caesares</em></span> 
     </span>
     <span class='ocr_line' id='line_1_7' title="bbox 336 1276 1670 1358; baseline -0.001 -19"><span class='ocrx_word' id='word_1_59' title='bbox 336 1290 422 1358; x_wconf 85' lang='lat' dir='ltr'><em>pater</em></span> <span class='ocrx_word' id='word_1_60' title='bbox 443 1287 472 1338; x_wconf 88' lang='lat' dir='ltr'><em>et</em></span> <span class='ocrx_word' id='word_1_61' title='bbox 493 1280 574 1338; x_wconf 87' lang='lat' dir='ltr'><em>filius</em></span> <span class='ocrx_word' id='word_1_62' title='bbox 596 1285 683 1337; x_wconf 81' lang='lat' dir='ltr'><em>extra</em></span> <span class='ocrx_word' id='word_1_63' title='bbox 703 1277 822 1335; x_wconf 88' lang='lat' dir='ltr'><em>Italiam</em></span> <span class='ocrx_word' id='word_1_64' title='bbox 845 1276 1050 1349; x_wconf 91' lang='lat' dir='ltr'><em>condiderunt,</em></span> <span class='ocrx_word' id='word_1_65' title='bbox 1071 1284 1185 1334; x_wconf 90' lang='lat' dir='ltr'><em>tantum</em></span> <span class='ocrx_word' id='word_1_66' title='bbox 1209 1277 1302 1347; x_wconf 85' lang='lat' dir='ltr'><em>abest,</em></span> <span class='ocrx_word' id='word_1_67' title='bbox 1324 1284 1358 1334; x_wconf 90' lang='lat' dir='ltr'><em>ut</em></span> <span class='ocrx_word' id='word_1_68' title='bbox 1379 1295 1432 1335; x_wconf 91' lang='lat' dir='ltr'><em>eae</em></span> <span class='ocrx_word' id='word_1_69' title='bbox 1458 1278 1553 1336; x_wconf 88' lang='lat' dir='ltr'><em>tribus</em></span> <span class='ocrx_word' id='word_1_70' title='bbox 1576 1279 1670 1356; x_wconf 88' lang='lat' dir='ltr'><em>potis·</em></span> 
     </span>
    </p>
   </div>
   <div class='ocr_carea' id='block_1_3' title="bbox 337 1377 1681 4628">
    <p class='ocr_par' dir='ltr' id='par_1_3' title="bbox 337 1377 1674 2380">
     <span class='ocr_line' id='line_1_8' title="bbox 338 1377 1672 1456; baseline -0.004 -14"><span class='ocrx_word' id='word_1_71' title='bbox 338 1384 444 1442; x_wconf 92' lang='lat' dir='ltr'><em>simum</em></span> <span class='ocrx_word' id='word_1_72' title='bbox 476 1381 676 1452; x_wconf 80' lang='lat' dir='ltr'><em>inveniantur,</em></span> <span class='ocrx_word' id='word_1_73' title='bbox 709 1388 742 1437; x_wconf 91' lang='lat' dir='ltr'><em>ut</em></span> <span class='ocrx_word' id='word_1_74' title='bbox 774 1379 910 1437; x_wconf 88' lang='lat' dir='ltr'><em>coloniae</em></span> <span class='ocrx_word' id='word_1_75' title='bbox 932 1377 1027 1436; x_wconf 88' lang='lat' dir='ltr'><em>Iuliae</em></span> <span class='ocrx_word' id='word_1_76' title='bbox 1059 1378 1091 1436; x_wconf 92' lang='lat' dir='ltr'><em>in</em></span> <span class='ocrx_word' id='word_1_77' title='bbox 1125 1377 1228 1436; x_wconf 87' lang='lat' dir='ltr'><em>Africa</em></span> <span class='ocrx_word' id='word_1_78' title='bbox 1265 1378 1432 1456; x_wconf 82' lang='lat' dir='ltr'><em>adscriptae</em></span> <span class='ocrx_word' id='word_1_79' title='bbox 1464 1379 1526 1438; x_wconf 89' lang='lat' dir='ltr'><em>fere</em></span> <span class='ocrx_word' id='word_1_80' title='bbox 1558 1380 1672 1439; x_wconf 88' lang='lat' dir='ltr'><em>inerint</em></span> 
     </span>
     <span class='ocr_line' id='line_1_9' title="bbox 337 1478 1669 1556; baseline -0.003 -12"><span class='ocrx_word' id='word_1_81' title='bbox 337 1485 427 1545; x_wconf 91' lang='lat' dir='ltr'><em>tribui</em></span> <span class='ocrx_word' id='word_1_82' title='bbox 441 1483 585 1542; x_wconf 88' lang='lat' dir='ltr'><em>Arniensi</em></span> <span class='ocrx_word' id='word_1_83' title='bbox 608 1483 655 1541; x_wconf 90' lang='lat' dir='ltr'><em>vel</em></span> <span class='ocrx_word' id='word_1_84' title='bbox 676 1481 831 1556; x_wconf 77' lang='lat' dir='ltr'><em>Quirinus,</em></span> <span class='ocrx_word' id='word_1_85' title='bbox 852 1481 884 1538; x_wconf 93' lang='lat' dir='ltr'><em>in</em></span> <span class='ocrx_word' id='word_1_86' title='bbox 907 1478 1011 1539; x_wconf 86' lang='lat' dir='ltr'><em>Gallia</em></span> <span class='ocrx_word' id='word_1_87' title='bbox 1030 1478 1222 1538; x_wconf 85' lang='lat' dir='ltr'><em>Narbonensi</em></span> <span class='ocrx_word' id='word_1_88' title='bbox 1245 1481 1336 1538; x_wconf 91' lang='lat' dir='ltr'><em>tribui</em></span> <span class='ocrx_word' id='word_1_89' title='bbox 1360 1480 1521 1554; x_wconf 87' lang='lat' dir='ltr'><em>Voltiniae,</em></span> <span class='ocrx_word' id='word_1_90' title='bbox 1543 1482 1574 1538; x_wconf 92' lang='lat' dir='ltr'><em>in</em></span> <span class='ocrx_word' id='word_1_91' title='bbox 1597 1481 1669 1540; x_wconf 91' lang='lat' dir='ltr'><em>His-</em></span> 
     </span>
     <span class='ocr_line' id='line_1_10' title="bbox 337 1581 1672 1666; baseline -0.004 -19"><span class='ocrx_word' id='word_1_92' title='bbox 337 1589 428 1666; x_wconf 86' lang='lat' dir='ltr'><em>pania</em></span> <span class='ocrx_word' id='word_1_93' title='bbox 457 1585 598 1646; x_wconf 84' lang='lat' dir='ltr'><em>Galeriae</em></span> <span class='ocrx_word' id='word_1_94' title='bbox 625 1584 825 1662; x_wconf 89' lang='lat' dir='ltr'><em>potissimum,</em></span> <span class='ocrx_word' id='word_1_95' title='bbox 854 1583 885 1641; x_wconf 93' lang='lat' dir='ltr'><em>in</em></span> <span class='ocrx_word' id='word_1_96' title='bbox 915 1582 1068 1640; x_wconf 87' lang='lat' dir='ltr'><em>Dalmatia</em></span> <span class='ocrx_word' id='word_1_97' title='bbox 1095 1591 1148 1640; x_wconf 84' lang='lat' dir='ltr'><em>sut</em></span> <span class='ocrx_word' id='word_1_98' title='bbox 1176 1581 1388 1642; x_wconf 88' lang='lat' dir='ltr'><em>Tromentinae</em></span> <span class='ocrx_word' id='word_1_99' title='bbox 1415 1592 1467 1641; x_wconf 87' lang='lat' dir='ltr'><em>aut</em></span> <span class='ocrx_word' id='word_1_100' title='bbox 1489 1581 1613 1662; x_wconf 86' lang='lat' dir='ltr'><em>Sergiae</em></span> <span class='ocrx_word' id='word_1_101' title='bbox 1641 1593 1672 1643; x_wconf 91' lang='lat' dir='ltr'><em>et</em></span> 
     </span>
     <span class='ocr_line' id='line_1_11' title="bbox 339 1685 1672 1765; baseline -0.005 -15"><span class='ocrx_word' id='word_1_102' title='bbox 339 1693 383 1750; x_wconf 90' lang='lat' dir='ltr'><em>sic</em></span> <span class='ocrx_word' id='word_1_103' title='bbox 409 1689 557 1765; x_wconf 85' lang='lat' dir='ltr'><em>deinceps.</em></span> <span class='ocrx_word' id='word_1_104' title='bbox 601 1686 708 1762; x_wconf 85' lang='lat' dir='ltr'><em>Neque</em></span> <span class='ocrx_word' id='word_1_105' title='bbox 731 1687 819 1745; x_wconf 86' lang='lat' dir='ltr'><em>aliter</em></span> <span class='ocrx_word' id='word_1_106' title='bbox 841 1702 908 1744; x_wconf 91' lang='lat' dir='ltr'><em>esse</em></span> <span class='ocrx_word' id='word_1_107' title='bbox 930 1685 1042 1760; x_wconf 85' lang='lat' dir='ltr'><em>potuit3</em></span> <span class='ocrx_word' id='word_1_108' title='bbox 1073 1703 1140 1742; x_wconf 90' lang='lat' dir='ltr'><em>nam</em></span> <span class='ocrx_word' id='word_1_109' title='bbox 1168 1702 1235 1742; x_wconf 86' lang='lat' dir='ltr'><em>cunr</em></span> <span class='ocrx_word' id='word_1_110' title='bbox 1256 1685 1314 1743; x_wconf 87' lang='lat' dir='ltr'><em>han</em></span> <span class='ocrx_word' id='word_1_111' title='bbox 1337 1692 1434 1744; x_wconf 88' lang='lat' dir='ltr'><em>aetate</em></span> <span class='ocrx_word' id='word_1_112' title='bbox 1461 1687 1593 1744; x_wconf 90' lang='lat' dir='ltr'><em>tribuum</em></span> <span class='ocrx_word' id='word_1_113' title='bbox 1617 1686 1672 1744; x_wconf 90' lang='lat' dir='ltr'><em>ali·</em></span> 
     </span>
     <span class='ocr_line' id='line_1_12' title="bbox 339 1786 1671 1870; baseline -0.003 -20"><span class='ocrx_word' id='word_1_114' title='bbox 339 1811 416 1870; x_wconf 87' lang='lat' dir='ltr'><em>quae</em></span> <span class='ocrx_word' id='word_1_115' title='bbox 438 1799 538 1869; x_wconf 89' lang='lat' dir='ltr'><em>partes</em></span> <span class='ocrx_word' id='word_1_116' title='bbox 565 1789 595 1847; x_wconf 92' lang='lat' dir='ltr'><em>in</em></span> <span class='ocrx_word' id='word_1_117' title='bbox 617 1788 792 1866; x_wconf 89' lang='lat' dir='ltr'><em>republica</em></span> <span class='ocrx_word' id='word_1_118' title='bbox 814 1795 923 1858; x_wconf 88' lang='lat' dir='ltr'><em>essent,</em></span> <span class='ocrx_word' id='word_1_119' title='bbox 946 1787 1083 1845; x_wconf 89' lang='lat' dir='ltr'><em>coloniae</em></span> <span class='ocrx_word' id='word_1_120' title='bbox 1104 1786 1327 1864; x_wconf 84' lang='lat' dir='ltr'><em>municipiaque</em></span> <span class='ocrx_word' id='word_1_121' title='bbox 1354 1806 1431 1864; x_wconf 89' lang='lat' dir='ltr'><em>quae</em></span> <span class='ocrx_word' id='word_1_122' title='bbox 1454 1789 1491 1846; x_wconf 89' lang='lat' dir='ltr'><em>ad</em></span> <span class='ocrx_word' id='word_1_123' title='bbox 1519 1789 1671 1846; x_wconf 90' lang='lat' dir='ltr'><em>civitatem</em></span> 
     </span>
     <span class='ocr_line' id='line_1_13' title="bbox 338 1888 1672 1966; baseline -0.005 -11"><span class='ocrx_word' id='word_1_124' title='bbox 338 1897 507 1955; x_wconf 87' lang='lat' dir='ltr'><em>Romanam</em></span> <span class='ocrx_word' id='word_1_125' title='bbox 530 1891 773 1950; x_wconf 88' lang='lat' dir='ltr'><em>adsciscebantur</em></span> <span class='ocrx_word' id='word_1_126' title='bbox 794 1890 991 1966; x_wconf 83' lang='lat' dir='ltr'><em>aequabiliter</em></span> <span class='ocrx_word' id='word_1_127' title='bbox 1017 1888 1094 1946; x_wconf 92' lang='lat' dir='ltr'><em>inter</em></span> <span class='ocrx_word' id='word_1_128' title='bbox 1115 1889 1242 1946; x_wconf 90' lang='lat' dir='ltr'><em>rusticas</em></span> <span class='ocrx_word' id='word_1_129' title='bbox 1265 1890 1360 1948; x_wconf 90' lang='lat' dir='ltr'><em>tribus</em></span> <span class='ocrx_word' id='word_1_130' title='bbox 1383 1908 1487 1948; x_wconf 89' lang='lat' dir='ltr'><em>omnes</em></span> <span class='ocrx_word' id='word_1_131' title='bbox 1509 1891 1672 1950; x_wconf 92' lang='lat' dir='ltr'><em>discriben-</em></span> 
     </span>
     <span class='ocr_line' id='line_1_14' title="bbox 339 1989 1672 2072; baseline -0.005 -15"><span class='ocrx_word' id='word_1_132' title='bbox 339 1999 393 2057; x_wconf 89' lang='lat' dir='ltr'><em>dae</em></span> <span class='ocrx_word' id='word_1_133' title='bbox 416 2003 509 2068; x_wconf 89' lang='lat' dir='ltr'><em>erant,</em></span> <span class='ocrx_word' id='word_1_134' title='bbox 531 2013 587 2054; x_wconf 90' lang='lat' dir='ltr'><em>nec</em></span> <span class='ocrx_word' id='word_1_135' title='bbox 615 2012 686 2052; x_wconf 91' lang='lat' dir='ltr'><em>sane</em></span> <span class='ocrx_word' id='word_1_136' title='bbox 713 1994 841 2072; x_wconf 83' lang='lat' dir='ltr'><em>gratiam</em></span> <span class='ocrx_word' id='word_1_137' title='bbox 868 1991 950 2070; x_wconf 88' lang='lat' dir='ltr'><em>apud</em></span> <span class='ocrx_word' id='word_1_138' title='bbox 971 1991 1123 2050; x_wconf 85' lang='lat' dir='ltr'><em>Fabianos</em></span> <span class='ocrx_word' id='word_1_139' title='bbox 1153 2008 1223 2050; x_wconf 90' lang='lat' dir='ltr'><em>suos</em></span> <span class='ocrx_word' id='word_1_140' title='bbox 1250 2000 1278 2050; x_wconf 91' lang='lat' dir='ltr'><em>et</em></span> <span class='ocrx_word' id='word_1_141' title='bbox 1300 1989 1490 2070; x_wconf 85' lang='lat' dir='ltr'><em>Scaptienses</em></span> <span class='ocrx_word' id='word_1_142' title='bbox 1514 1993 1672 2068; x_wconf 85' lang='lat' dir='ltr'><em>Augustus</em></span> 
     </span>
     <span class='ocr_line' id='line_1_15' title="bbox 338 2077 1672 2171; baseline -0.004 -13"><span class='ocrx_word' id='word_1_143' title='bbox 338 2099 457 2158; x_wconf 88' lang='lat' dir='ltr'><em>iniisset</em></span> <span class='ocrx_word' id='word_1_144' title='bbox 476 2097 562 2156; x_wconf 91' lang='lat' dir='ltr'><em>novis</em></span> <span class='ocrx_word' id='word_1_145' title='bbox 585 2096 700 2154; x_wconf 87' lang='lat' dir='ltr'><em>civibus</em></span> <span class='ocrx_word' id='word_1_146' title='bbox 724 2096 763 2154; x_wconf 87' lang='lat' dir='ltr'><em>ad</em></span> <span class='ocrx_word' id='word_1_147' title='bbox 785 2112 856 2154; x_wconf 89' lang='lat' dir='ltr'><em>suas</em></span> <span class='ocrx_word' id='word_1_148' title='bbox 878 2094 973 2154; x_wconf 91' lang='lat' dir='ltr'><em>tribus</em></span> <span class='ocrx_word' id='word_1_149' title='bbox 995 2077 1184 2169; x_wconf 91' lang='lat' dir='ltr'><em>potissimum</em></span> <span class='ocrx_word' id='word_1_150' title='bbox 1206 2093 1319 2152; x_wconf 86' lang='lat' dir='ltr'><em>relatis.</em></span> <span class='ocrx_word' id='word_1_151' title='bbox 1365 2092 1446 2167; x_wconf 79' lang='lat' dir='ltr'><em>Quid</em></span> <span class='ocrx_word' id='word_1_152' title='bbox 1465 2095 1545 2171; x_wconf 93' lang='lat' dir='ltr'><em>quod</em></span> <span class='ocrx_word' id='word_1_153' title='bbox 1564 2113 1580 2151; x_wconf 91' lang='lat' dir='ltr'><em>e</em></span> <span class='ocrx_word' id='word_1_154' title='bbox 1602 2113 1672 2152; x_wconf 94' lang='lat' dir='ltr'><em>con-</em></span> 
     </span>
     <span class='ocr_line' id='line_1_16' title="bbox 339 2195 1674 2276; baseline -0.004 -15"><span class='ocrx_word' id='word_1_155' title='bbox 339 2203 432 2261; x_wconf 88' lang='lat' dir='ltr'><em>trario</em></span> <span class='ocrx_word' id='word_1_156' title='bbox 457 2201 522 2258; x_wconf 92' lang='lat' dir='ltr'><em>fieri</em></span> <span class='ocrx_word' id='word_1_157' title='bbox 547 2207 657 2276; x_wconf 88' lang='lat' dir='ltr'><em>potest,</em></span> <span class='ocrx_word' id='word_1_158' title='bbox 683 2206 716 2255; x_wconf 92' lang='lat' dir='ltr'><em>ut</em></span> <span class='ocrx_word' id='word_1_159' title='bbox 741 2206 863 2276; x_wconf 90' lang='lat' dir='ltr'><em>propter</em></span> <span class='ocrx_word' id='word_1_160' title='bbox 884 2197 1020 2256; x_wconf 91' lang='lat' dir='ltr'><em>favorem</em></span> <span class='ocrx_word' id='word_1_161' title='bbox 1042 2195 1153 2254; x_wconf 88' lang='lat' dir='ltr'><em>factum</em></span> <span class='ocrx_word' id='word_1_162' title='bbox 1176 2197 1225 2270; x_wconf 90' lang='lat' dir='ltr'><em>sit,</em></span> <span class='ocrx_word' id='word_1_163' title='bbox 1253 2196 1334 2272; x_wconf 90' lang='lat' dir='ltr'><em>quod</em></span> <span class='ocrx_word' id='word_1_164' title='bbox 1356 2196 1439 2256; x_wconf 88' lang='lat' dir='ltr'><em>hisce</em></span> <span class='ocrx_word' id='word_1_165' title='bbox 1460 2197 1597 2256; x_wconf 86' lang='lat' dir='ltr'><em>tribubus</em></span> <span class='ocrx_word' id='word_1_166' title='bbox 1619 2198 1674 2256; x_wconf 86' lang='lat' dir='ltr'><em>vix</em></span> 
     </span>
     <span class='ocr_line' id='line_1_17' title="bbox 341 2299 1006 2380; baseline -0.009 -17"><span class='ocrx_word' id='word_1_167' title='bbox 341 2305 395 2363; x_wconf 91' lang='lat' dir='ltr'><em>ulli</em></span> <span class='ocrx_word' id='word_1_168' title='bbox 417 2301 618 2380; x_wconf 85' lang='lat' dir='ltr'><em>provinciales</em></span> <span class='ocrx_word' id='word_1_169' title='bbox 641 2299 784 2376; x_wconf 84' lang='lat' dir='ltr'><em>adscripti</em></span> <span class='ocrx_word' id='word_1_170' title='bbox 806 2299 1006 2358; x_wconf 88' lang='lat' dir='ltr'><em>inveniuntur.</em></span> 
     </span>
    </p>

    <p class='ocr_par' dir='ltr' id='par_1_4' title="bbox 342 2401 1681 4628">
     <span class='ocr_line' id='line_1_18' title="bbox 423 2401 1675 2477; baseline -0.003 -13"><span class='ocrx_word' id='word_1_171' title='bbox 423 2405 567 2464; x_wconf 86' lang='lat' dir='ltr'><em>Claudius</em></span> <span class='ocrx_word' id='word_1_172' title='bbox 598 2403 683 2461; x_wconf 91' lang='lat' dir='ltr'><em>cuiu&#39;s</em></span> <span class='ocrx_word' id='word_1_173' title='bbox 712 2402 809 2460; x_wconf 89' lang='lat' dir='ltr'><em>tribus</em></span> <span class='ocrx_word' id='word_1_174' title='bbox 838 2401 928 2460; x_wconf 87' lang='lat' dir='ltr'><em>fuerit</em></span> <span class='ocrx_word' id='word_1_175' title='bbox 956 2402 1026 2458; x_wconf 89' lang='lat' dir='ltr'><em>licet</em></span> <span class='ocrx_word' id='word_1_176' title='bbox 1054 2401 1165 2460; x_wconf 89' lang='lat' dir='ltr'><em>diserte</em></span> <span class='ocrx_word' id='word_1_177' title='bbox 1195 2419 1254 2458; x_wconf 91' lang='lat' dir='ltr'><em>non</em></span> <span class='ocrx_word' id='word_1_178' title='bbox 1283 2401 1428 2474; x_wconf 88' lang='lat' dir='ltr'><em>tradatur,</em></span> <span class='ocrx_word' id='word_1_179' title='bbox 1457 2402 1508 2477; x_wconf 92' lang='lat' dir='ltr'><em>qui</em></span> <span class='ocrx_word' id='word_1_180' title='bbox 1539 2403 1675 2460; x_wconf 83' lang='lat' dir='ltr'><em>meminit</em></span> 
     </span>
     <span class='ocr_line' id='line_1_19' title="bbox 342 2503 1674 2580; baseline -0.006 -10"><span class='ocrx_word' id='word_1_181' title='bbox 342 2531 408 2570; x_wconf 88' lang='lat' dir='ltr'><em>eum</em></span> <span class='ocrx_word' id='word_1_182' title='bbox 430 2507 585 2566; x_wconf 89' lang='lat' dir='ltr'><em>oriundum</em></span> <span class='ocrx_word' id='word_1_183' title='bbox 609 2523 676 2564; x_wconf 90' lang='lat' dir='ltr'><em>esse</em></span> <span class='ocrx_word' id='word_1_184' title='bbox 699 2524 736 2562; x_wconf 91' lang='lat' dir='ltr'><em>ex</em></span> <span class='ocrx_word' id='word_1_185' title='bbox 758 2504 823 2563; x_wconf 90' lang='lat' dir='ltr'><em>eius</em></span> <span class='ocrx_word' id='word_1_186' title='bbox 849 2503 979 2562; x_wconf 91' lang='lat' dir='ltr'><em>nominis</em></span> <span class='ocrx_word' id='word_1_187' title='bbox 1007 2503 1130 2579; x_wconf 86' lang='lat' dir='ltr'><em>antiqua</em></span> <span class='ocrx_word' id='word_1_188' title='bbox 1158 2504 1252 2580; x_wconf 86' lang='lat' dir='ltr'><em>stirpe</em></span> <span class='ocrx_word' id='word_1_189' title='bbox 1274 2503 1409 2580; x_wconf 89' lang='lat' dir='ltr'><em>patricia,</em></span> <span class='ocrx_word' id='word_1_190' title='bbox 1438 2505 1546 2562; x_wconf 91' lang='lat' dir='ltr'><em>tribum</em></span> <span class='ocrx_word' id='word_1_191' title='bbox 1575 2513 1674 2562; x_wconf 91' lang='lat' dir='ltr'><em>autem</em></span> 
     </span>
     <span class='ocr_line' id='line_1_20' title="bbox 342 2603 1676 2684; baseline -0.005 -13"><span class='ocrx_word' id='word_1_192' title='bbox 342 2611 499 2672; x_wconf 87' lang='lat' dir='ltr'><em>Claudiam</em></span> <span class='ocrx_word' id='word_1_193' title='bbox 533 2611 570 2667; x_wconf 91' lang='lat' dir='ltr'><em>ab</em></span> <span class='ocrx_word' id='word_1_194' title='bbox 604 2608 717 2684; x_wconf 86' lang='lat' dir='ltr'><em>origine</em></span> <span class='ocrx_word' id='word_1_195' title='bbox 759 2625 825 2664; x_wconf 91' lang='lat' dir='ltr'><em>oum</em></span> <span class='ocrx_word' id='word_1_196' title='bbox 859 2607 948 2664; x_wconf 91' lang='lat' dir='ltr'><em>domo</em></span> <span class='ocrx_word' id='word_1_197' title='bbox 987 2606 1163 2682; x_wconf 84' lang='lat' dir='ltr'><em>cognomine</em></span> <span class='ocrx_word' id='word_1_198' title='bbox 1202 2605 1404 2678; x_wconf 86' lang='lat' dir='ltr'><em>coniunctam,</em></span> <span class='ocrx_word' id='word_1_199' title='bbox 1439 2603 1583 2664; x_wconf 86' lang='lat' dir='ltr'><em>Claudiae</em></span> <span class='ocrx_word' id='word_1_200' title='bbox 1613 2626 1676 2664; x_wconf 92' lang='lat' dir='ltr'><em>non</em></span> 
     </span>
     <span class='ocr_line' id='line_1_21' title="bbox 342 2707 1674 2787; baseline -0.004 -15"><span class='ocrx_word' id='word_1_201' title='bbox 342 2714 441 2772; x_wconf 92' lang='lat' dir='ltr'><em>minus</em></span> <span class='ocrx_word' id='word_1_202' title='bbox 468 2713 564 2771; x_wconf 89' lang='lat' dir='ltr'><em>tribus</em></span> <span class='ocrx_word' id='word_1_203' title='bbox 591 2729 681 2787; x_wconf 91' lang='lat' dir='ltr'><em>quam</em></span> <span class='ocrx_word' id='word_1_204' title='bbox 709 2709 807 2786; x_wconf 84' lang='lat' dir='ltr'><em>gentis</em></span> <span class='ocrx_word' id='word_1_205' title='bbox 835 2728 902 2767; x_wconf 90' lang='lat' dir='ltr'><em>eum</em></span> <span class='ocrx_word' id='word_1_206' title='bbox 929 2708 1023 2766; x_wconf 89' lang='lat' dir='ltr'><em>fuisse</em></span> <span class='ocrx_word' id='word_1_207' title='bbox 1051 2727 1111 2766; x_wconf 93' lang='lat' dir='ltr'><em>non</em></span> <span class='ocrx_word' id='word_1_208' title='bbox 1139 2707 1295 2766; x_wconf 86' lang='lat' dir='ltr'><em>dubitabit.</em></span> <span class='ocrx_word' id='word_1_209' title='bbox 1338 2708 1403 2764; x_wconf 89' lang='lat' dir='ltr'><em>Iam</em></span> <span class='ocrx_word' id='word_1_210' title='bbox 1425 2727 1494 2766; x_wconf 90' lang='lat' dir='ltr'><em>vero</em></span> <span class='ocrx_word' id='word_1_211' title='bbox 1517 2728 1553 2766; x_wconf 90' lang='lat' dir='ltr'><em>ea</em></span> <span class='ocrx_word' id='word_1_212' title='bbox 1578 2709 1674 2768; x_wconf 87' lang='lat' dir='ltr'><em>tribus</em></span> 
     </span>
     <span class='ocr_line' id='line_1_22' title="bbox 345 2808 1676 2889; baseline -0.003 -15"><span class='ocrx_word' id='word_1_213' title='bbox 345 2824 376 2874; x_wconf 93' lang='lat' dir='ltr'><em>ut</em></span> <span class='ocrx_word' id='word_1_214' title='bbox 408 2833 468 2876; x_wconf 91' lang='lat' dir='ltr'><em>non</em></span> <span class='ocrx_word' id='word_1_215' title='bbox 493 2813 643 2872; x_wconf 89' lang='lat' dir='ltr'><em>invenitur</em></span> <span class='ocrx_word' id='word_1_216' title='bbox 672 2813 704 2869; x_wconf 92' lang='lat' dir='ltr'><em>in</em></span> <span class='ocrx_word' id='word_1_217' title='bbox 729 2811 859 2889; x_wconf 87' lang='lat' dir='ltr'><em>oppidis,</em></span> <span class='ocrx_word' id='word_1_218' title='bbox 894 2829 969 2887; x_wconf 90' lang='lat' dir='ltr'><em>quae</em></span> <span class='ocrx_word' id='word_1_219' title='bbox 998 2808 1141 2869; x_wconf 87' lang='lat' dir='ltr'><em>Claudius</em></span> <span class='ocrx_word' id='word_1_220' title='bbox 1175 2810 1205 2867; x_wconf 95' lang='lat' dir='ltr'><em>in</em></span> <span class='ocrx_word' id='word_1_221' title='bbox 1232 2809 1419 2869; x_wconf 89' lang='lat' dir='ltr'><em>Mauretania</em></span> <span class='ocrx_word' id='word_1_222' title='bbox 1451 2810 1584 2870; x_wconf 89' lang='lat' dir='ltr'><em>coloniae</em></span> <span class='ocrx_word' id='word_1_223' title='bbox 1610 2812 1676 2870; x_wconf 91' lang='lat' dir='ltr'><em>iure</em></span> 
     </span>
     <span class='ocr_line' id='line_1_23' title="bbox 343 2911 1677 2990; baseline -0.004 -13"><span class='ocrx_word' id='word_1_224' title='bbox 343 2919 391 2978; x_wconf 88' lang='lat' dir='ltr'><em>vel</em></span> <span class='ocrx_word' id='word_1_225' title='bbox 423 2917 544 2976; x_wconf 89' lang='lat' dir='ltr'><em>civitate</em></span> <span class='ocrx_word' id='word_1_226' title='bbox 575 2913 703 2972; x_wconf 90' lang='lat' dir='ltr'><em>Latiove</em></span> <span class='ocrx_word' id='word_1_227' title='bbox 735 2913 858 2972; x_wconf 86' lang='lat' dir='ltr'><em>donavit</em></span> <span class='ocrx_word' id='word_1_228' title='bbox 888 2921 965 2971; x_wconf 90' lang='lat' dir='ltr'><em>teste</em></span> <span class='ocrx_word' id='word_1_229' title='bbox 996 2913 1098 2971; x_wconf 93' lang='lat' dir='ltr'><em>Plinio</em></span> <span class='ocrx_word' id='word_1_230' title='bbox 1130 2913 1159 2984; x_wconf 87' lang='lat'><em>5,</em></span> <span class='ocrx_word' id='word_1_231' title='bbox 1182 2911 1210 2984; x_wconf 72' lang='lat'><em>⁸2,</em></span> <span class='ocrx_word' id='word_1_232' title='bbox 1235 2911 1288 2985; x_wconf 75' lang='lat'><em>20,</em></span> <span class='ocrx_word' id='word_1_233' title='bbox 1325 2931 1401 2988; x_wconf 90' lang='lat' dir='ltr'><em>quae</em></span> <span class='ocrx_word' id='word_1_234' title='bbox 1433 2922 1502 2971; x_wconf 90' lang='lat' dir='ltr'><em>sunt</em></span> <span class='ocrx_word' id='word_1_235' title='bbox 1534 2920 1677 2990; x_wconf 91' lang='lat' dir='ltr'><em>quattuor</em></span> 
     </span>
     <span class='ocr_line' id='line_1_24' title="bbox 343 3013 1676 3096; baseline -0.003 -16"><span class='ocrx_word' id='word_1_236' title='bbox 343 3021 501 3092; x_wconf 86' lang='lat' dir='ltr'><em>Caesarea,</em></span> <span class='ocrx_word' id='word_1_237' title='bbox 529 3016 682 3096; x_wconf 91' lang='lat' dir='ltr'><em>Oppidum</em></span> <span class='ocrx_word' id='word_1_238' title='bbox 707 3013 838 3087; x_wconf 91' lang='lat' dir='ltr'><em>Novum,</em></span> <span class='ocrx_word' id='word_1_239' title='bbox 867 3015 1095 3087; x_wconf 88' lang='lat' dir='ltr'><em>Rusuccurium‚</em></span> <span class='ocrx_word' id='word_1_240' title='bbox 1123 3014 1239 3090; x_wconf 88' lang='lat' dir='ltr'><em>Tipasa</em></span> <span class='ocrx_word' id='word_1_241' title='bbox 1266 3015 1366 3072; x_wconf 90' lang='lat' dir='ltr'><em>omnia</em></span> <span class='ocrx_word' id='word_1_242' title='bbox 1391 3015 1487 3073; x_wconf 87' lang='lat' dir='ltr'><em>relatu</em></span> <span class='ocrx_word' id='word_1_243' title='bbox 1512 3016 1544 3073; x_wconf 93' lang='lat' dir='ltr'><em>in</em></span> <span class='ocrx_word' id='word_1_244' title='bbox 1564 3017 1676 3076; x_wconf 86' lang='lat' dir='ltr'><em>tribum</em></span> 
     </span>
     <span class='ocr_line' id='line_1_25' title="bbox 343 3117 1676 3198; baseline -0.003 -16"><span class='ocrx_word' id='word_1_245' title='bbox 343 3123 502 3198; x_wconf 76' lang='lat' dir='ltr'><em>Quirinum</em></span> <span class='ocrx_word' id='word_1_246' title='bbox 532 3119 575 3196; x_wconf 91' lang='lat' dir='ltr'><em>(v.</em></span> <span class='ocrx_word' id='word_1_247' title='bbox 592 3117 759 3178; x_wconf 83' lang='lat' dir='ltr'><em>Grotefend</em></span> <span class='ocrx_word' id='word_1_248' title='bbox 783 3118 803 3175; x_wconf 90' lang='lat'><em>1.</em></span> <span class='ocrx_word' id='word_1_249' title='bbox 824 3135 847 3175; x_wconf 90' lang='lat' dir='ltr'><em>c.</em></span> <span class='ocrx_word' id='word_1_250' title='bbox 871 3138 900 3194; x_wconf 88' lang='lat' dir='ltr'><em>p.</em></span> <span class='ocrx_word' id='word_1_251' title='bbox 924 3117 979 3175; x_wconf 87' lang='lat'><em>161</em></span> <span class='ocrx_word' id='word_1_252' title='bbox 995 3117 1089 3194; x_wconf 80' lang='lat' dir='ltr'><em>seq),</em></span> <span class='ocrx_word' id='word_1_253' title='bbox 1122 3135 1176 3175; x_wconf 92' lang='lat' dir='ltr'><em>neo</em></span> <span class='ocrx_word' id='word_1_254' title='bbox 1204 3117 1300 3194; x_wconf 85' lang='lat' dir='ltr'><em>magis</em></span> <span class='ocrx_word' id='word_1_255' title='bbox 1330 3117 1434 3176; x_wconf 89' lang='lat' dir='ltr'><em>eadem</em></span> <span class='ocrx_word' id='word_1_256' title='bbox 1465 3128 1619 3193; x_wconf 90' lang='lat' dir='ltr'><em>comparet</em></span> <span class='ocrx_word' id='word_1_257' title='bbox 1644 3123 1676 3178; x_wconf 91' lang='lat' dir='ltr'><em>in</em></span> 
     </span>
     <span class='ocr_line' id='line_1_26' title="bbox 344 3218 1677 3296; baseline -0.005 -11"><span class='ocrx_word' id='word_1_258' title='bbox 344 3225 464 3285; x_wconf 87' lang='lat' dir='ltr'><em>colonia</em></span> <span class='ocrx_word' id='word_1_259' title='bbox 491 3221 620 3282; x_wconf 87' lang='lat' dir='ltr'><em>Claudia</em></span> <span class='ocrx_word' id='word_1_260' title='bbox 647 3222 755 3296; x_wconf 89' lang='lat' dir='ltr'><em>Aequo</em></span> <span class='ocrx_word' id='word_1_261' title='bbox 789 3218 959 3278; x_wconf 87' lang='lat' dir='ltr'><em>Dalmatiae</em></span> <span class='ocrx_word' id='word_1_262' title='bbox 992 3219 1143 3296; x_wconf 89' lang='lat' dir='ltr'><em>adscripta</em></span> <span class='ocrx_word' id='word_1_263' title='bbox 1175 3219 1265 3278; x_wconf 93' lang='lat' dir='ltr'><em>tribui</em></span> <span class='ocrx_word' id='word_1_264' title='bbox 1295 3219 1509 3278; x_wconf 89' lang='lat' dir='ltr'><em>Tromentinae</em></span> <span class='ocrx_word' id='word_1_265' title='bbox 1538 3219 1611 3296; x_wconf 90' lang='lat' dir='ltr'><em>(vol.</em></span> <span class='ocrx_word' id='word_1_266' title='bbox 1628 3221 1677 3280; x_wconf 86' lang='lat' dir='ltr'><em>III</em></span> 
     </span>
     <span class='ocr_line' id='line_1_27' title="bbox 343 3321 1676 3404; baseline -0.003 -18"><span class='ocrx_word' id='word_1_267' title='bbox 343 3347 373 3404; x_wconf 93' lang='lat' dir='ltr'><em>p.</em></span> <span class='ocrx_word' id='word_1_268' title='bbox 391 3325 508 3402; x_wconf 84' lang='lat'><em>360)¹),</em></span> <span class='ocrx_word' id='word_1_269' title='bbox 537 3325 580 3382; x_wconf 90' lang='lat' dir='ltr'><em>ita</em></span> <span class='ocrx_word' id='word_1_270' title='bbox 601 3324 688 3382; x_wconf 88' lang='lat' dir='ltr'><em>adest</em></span> <span class='ocrx_word' id='word_1_271' title='bbox 708 3323 739 3380; x_wconf 93' lang='lat' dir='ltr'><em>in</em></span> <span class='ocrx_word' id='word_1_272' title='bbox 761 3322 885 3398; x_wconf 89' lang='lat' dir='ltr'><em>reliquis</em></span> <span class='ocrx_word' id='word_1_273' title='bbox 909 3321 1036 3381; x_wconf 90' lang='lat' dir='ltr'><em>coloniis</em></span> <span class='ocrx_word' id='word_1_274' title='bbox 1058 3322 1286 3398; x_wconf 87' lang='lat' dir='ltr'><em>municipiisque</em></span> <span class='ocrx_word' id='word_1_275' title='bbox 1308 3323 1345 3380; x_wconf 87' lang='lat' dir='ltr'><em>ab</em></span> <span class='ocrx_word' id='word_1_276' title='bbox 1368 3321 1472 3382; x_wconf 90' lang='lat' dir='ltr'><em>eodem</em></span> <span class='ocrx_word' id='word_1_277' title='bbox 1494 3323 1676 3396; x_wconf 89' lang='lat' dir='ltr'><em>constitutis,</em></span> 
     </span>
     <span class='ocr_line' id='line_1_28' title="bbox 345 3422 1676 3506; baseline -0.003 -19"><span class='ocrx_word' id='word_1_278' title='bbox 345 3448 421 3506; x_wconf 89' lang='lat' dir='ltr'><em>qnae</em></span> <span class='ocrx_word' id='word_1_279' title='bbox 454 3435 523 3486; x_wconf 92' lang='lat' dir='ltr'><em>sunt</em></span> <span class='ocrx_word' id='word_1_280' title='bbox 550 3427 615 3484; x_wconf 87' lang='lat' dir='ltr'><em>Ara</em></span> <span class='ocrx_word' id='word_1_281' title='bbox 639 3424 873 3504; x_wconf 86' lang='lat' dir='ltr'><em>Agrippinensis</em></span> <span class='ocrx_word' id='word_1_282' title='bbox 901 3423 932 3482; x_wconf 89' lang='lat' dir='ltr'><em>in</em></span> <span class='ocrx_word' id='word_1_283' title='bbox 961 3422 1125 3482; x_wconf 83' lang='lat' dir='ltr'><em>Germania</em></span> <span class='ocrx_word' id='word_1_284' title='bbox 1155 3423 1197 3498; x_wconf 91' lang='lat' dir='ltr'><em>(v.</em></span> <span class='ocrx_word' id='word_1_285' title='bbox 1223 3422 1437 3483; x_wconf 81' lang='lat' dir='ltr'><em>Groteiendius</em></span> <span class='ocrx_word' id='word_1_286' title='bbox 1459 3424 1522 3482; x_wconf 81' lang='lat' dir='ltr'><em>Lo.</em></span> <span class='ocrx_word' id='word_1_287' title='bbox 1543 3443 1573 3500; x_wconf 94' lang='lat' dir='ltr'><em>p.</em></span> <span class='ocrx_word' id='word_1_288' title='bbox 1593 3423 1676 3500; x_wconf 74' lang='lat'><em>123),</em></span> 
     </span>
     <span class='ocr_line' id='line_1_29' title="bbox 346 3523 1676 3604; baseline -0.006 -12"><span class='ocrx_word' id='word_1_289' title='bbox 346 3529 472 3592; x_wconf 82' lang='lat' dir='ltr'><em>Savaria</em></span> <span class='ocrx_word' id='word_1_290' title='bbox 492 3529 524 3586; x_wconf 92' lang='lat' dir='ltr'><em>in</em></span> <span class='ocrx_word' id='word_1_291' title='bbox 545 3527 703 3586; x_wconf 89' lang='lat' dir='ltr'><em>Pannonia</em></span> <span class='ocrx_word' id='word_1_292' title='bbox 728 3527 882 3603; x_wconf 89' lang='lat' dir='ltr'><em>superiore</em></span> <span class='ocrx_word' id='word_1_293' title='bbox 909 3525 981 3601; x_wconf 92' lang='lat' dir='ltr'><em>(vol.</em></span> <span class='ocrx_word' id='word_1_294' title='bbox 998 3526 1045 3583; x_wconf 94' lang='lat' dir='ltr'><em>III</em></span> <span class='ocrx_word' id='word_1_295' title='bbox 1066 3546 1096 3602; x_wconf 87' lang='lat' dir='ltr'><em>p.</em></span> <span class='ocrx_word' id='word_1_296' title='bbox 1113 3523 1198 3604; x_wconf 78' lang='lat'><em>525),</em></span> <span class='ocrx_word' id='word_1_297' title='bbox 1224 3525 1357 3584; x_wconf 85' lang='lat' dir='ltr'><em>Teurnia</em></span> <span class='ocrx_word' id='word_1_298' title='bbox 1384 3525 1457 3601; x_wconf 90' lang='lat' dir='ltr'><em>(vol.</em></span> <span class='ocrx_word' id='word_1_299' title='bbox 1473 3527 1522 3583; x_wconf 93' lang='grc' dir='ltr'><em>ΙΙΙ</em></span> <span class='ocrx_word' id='word_1_300' title='bbox 1544 3544 1571 3602; x_wconf 94' lang='lat' dir='ltr'><em>p.</em></span> <span class='ocrx_word' id='word_1_301' title='bbox 1590 3526 1676 3602; x_wconf 83' lang='lat'><em>593),</em></span> 
     </span>
     <span class='ocr_line' id='line_1_30' title="bbox 345 3626 1676 3715; baseline -0.004 -24"><span class='ocrx_word' id='word_1_302' title='bbox 345 3634 492 3706; x_wconf 82' lang='lat' dir='ltr'><em>Virunum</em></span> <span class='ocrx_word' id='word_1_303' title='bbox 515 3629 567 3706; x_wconf 90' lang='lat' dir='ltr'><em>(ib.</em></span> <span class='ocrx_word' id='word_1_304' title='bbox 590 3650 618 3706; x_wconf 95' lang='lat' dir='ltr'><em>p.</em></span> <span class='ocrx_word' id='word_1_305' title='bbox 636 3628 721 3704; x_wconf 82' lang='lat'><em>597),</em></span> <span class='ocrx_word' id='word_1_306' title='bbox 752 3627 855 3686; x_wconf 90' lang='lat' dir='ltr'><em>Celeia</em></span> <span class='ocrx_word' id='word_1_307' title='bbox 878 3627 930 3703; x_wconf 93' lang='lat' dir='ltr'><em>(ib.</em></span> <span class='ocrx_word' id='word_1_308' title='bbox 954 3646 983 3703; x_wconf 91' lang='lat' dir='ltr'><em>p.</em></span> <span class='ocrx_word' id='word_1_309' title='bbox 1001 3627 1084 3704; x_wconf 84' lang='lat'><em>631),</em></span> <span class='ocrx_word' id='word_1_310' title='bbox 1112 3627 1257 3686; x_wconf 90' lang='lat' dir='ltr'><em>Iuvavum</em></span> <span class='ocrx_word' id='word_1_311' title='bbox 1281 3627 1335 3703; x_wconf 90' lang='lat' dir='ltr'><em>(ib.</em></span> <span class='ocrx_word' id='word_1_312' title='bbox 1358 3647 1387 3704; x_wconf 92' lang='lat' dir='ltr'><em>p.</em></span> <span class='ocrx_word' id='word_1_313' title='bbox 1405 3627 1480 3702; x_wconf 83' lang='lat'>668)</span> <span class='ocrx_word' id='word_1_314' title='bbox 1508 3628 1539 3715; x_wconf 85' lang='lat' dir='ltr'><em>in</em></span> <span class='ocrx_word' id='word_1_315' title='bbox 1561 3626 1676 3686; x_wconf 88' lang='lat' dir='ltr'><em>Norico</em></span> 
     </span>
     <span class='ocr_line' id='line_1_31' title="bbox 345 3712 1677 3809; baseline -0.005 -15"><span class='ocrx_word' id='word_1_316' title='bbox 345 3735 453 3808; x_wconf 89' lang='lat' dir='ltr'><em>omnia,</em></span> <span class='ocrx_word' id='word_1_317' title='bbox 476 3734 578 3809; x_wconf 83' lang='lat' dir='ltr'><em>Apros</em></span> <span class='ocrx_word' id='word_1_318' title='bbox 601 3733 632 3789; x_wconf 91' lang='lat' dir='ltr'><em>in</em></span> <span class='ocrx_word' id='word_1_319' title='bbox 648 3730 779 3790; x_wconf 88' lang='lat' dir='ltr'><em>Thracia</em></span> <span class='ocrx_word' id='word_1_320' title='bbox 801 3729 842 3805; x_wconf 89' lang='lat' dir='ltr'><em>(v.</em></span> <span class='ocrx_word' id='word_1_321' title='bbox 861 3712 1028 3788; x_wconf 75' lang='lat' dir='ltr'><em>Crotefend</em></span> <span class='ocrx_word' id='word_1_322' title='bbox 1049 3730 1069 3786; x_wconf 93' lang='lat' dir='ltr'><em>l.</em></span> <span class='ocrx_word' id='word_1_323' title='bbox 1086 3748 1110 3786; x_wconf 92' lang='lat' dir='ltr'><em>o.</em></span> <span class='ocrx_word' id='word_1_324' title='bbox 1134 3748 1162 3805; x_wconf 94' lang='lat' dir='ltr'><em>p.</em></span> <span class='ocrx_word' id='word_1_325' title='bbox 1182 3727 1297 3805; x_wconf 52' lang='lat' dir='ltr'><em>lton).</em></span> <span class='ocrx_word' id='word_1_326' title='bbox 1340 3729 1419 3788; x_wconf 89' lang='lat' dir='ltr'><em>Nam</em></span> <span class='ocrx_word' id='word_1_327' title='bbox 1442 3748 1624 3805; x_wconf 88' lang='lat' dir='ltr'><em>quamquam</em></span> <span class='ocrx_word' id='word_1_328' title='bbox 1646 3732 1677 3790; x_wconf 94' lang='lat' dir='ltr'><em>in</em></span> 
     </span>
     <span class='ocr_line' id='line_1_32' title="bbox 344 3829 1677 3912; baseline -0.005 -16"><span class='ocrx_word' id='word_1_329' title='bbox 344 3841 448 3896; x_wconf 91' lang='lat' dir='ltr'><em>horum</em></span> <span class='ocrx_word' id='word_1_330' title='bbox 472 3834 650 3911; x_wconf 90' lang='lat' dir='ltr'><em>oppidorum</em></span> <span class='ocrx_word' id='word_1_331' title='bbox 673 3833 787 3890; x_wconf 89' lang='lat' dir='ltr'><em>civibus</em></span> <span class='ocrx_word' id='word_1_332' title='bbox 814 3832 992 3910; x_wconf 89' lang='lat' dir='ltr'><em>plerumque</em></span> <span class='ocrx_word' id='word_1_333' title='bbox 1019 3831 1142 3889; x_wconf 93' lang='lat' dir='ltr'><em>dubium</em></span> <span class='ocrx_word' id='word_1_334' title='bbox 1168 3838 1225 3905; x_wconf 88' lang='lat' dir='ltr'><em>est,</em></span> <span class='ocrx_word' id='word_1_335' title='bbox 1254 3829 1383 3890; x_wconf 88' lang='lat' dir='ltr'><em>Claudia</em></span> <span class='ocrx_word' id='word_1_336' title='bbox 1405 3831 1580 3890; x_wconf 87' lang='lat' dir='ltr'><em>vocabulum</em></span> <span class='ocrx_word' id='word_1_337' title='bbox 1607 3852 1677 3912; x_wconf 85' lang='lat' dir='ltr'><em>cog-</em></span> 
     </span>
     <span class='ocr_line' id='line_1_33' title="bbox 345 3932 1678 4013; baseline -0.005 -13"><span class='ocrx_word' id='word_1_338' title='bbox 345 3939 458 4000; x_wconf 89' lang='lat' dir='ltr'><em>nomini</em></span> <span class='ocrx_word' id='word_1_339' title='bbox 483 3935 699 4013; x_wconf 88' lang='lat' dir='ltr'><em>praescriptum</em></span> <span class='ocrx_word' id='word_1_340' title='bbox 721 3943 820 3994; x_wconf 90' lang='lat' dir='ltr'><em>utrum</em></span> <span class='ocrx_word' id='word_1_341' title='bbox 843 3932 1024 4010; x_wconf 85' lang='lat' dir='ltr'><em>iungendum</em></span> <span class='ocrx_word' id='word_1_342' title='bbox 1047 3934 1086 3992; x_wconf 90' lang='lat' dir='ltr'><em>sit</em></span> <span class='ocrx_word' id='word_1_343' title='bbox 1111 3953 1178 3992; x_wconf 92' lang='lat' dir='ltr'><em>cum</em></span> <span class='ocrx_word' id='word_1_344' title='bbox 1200 3933 1288 3992; x_wconf 89' lang='lat' dir='ltr'><em>domo</em></span> <span class='ocrx_word' id='word_1_345' title='bbox 1316 3953 1394 4010; x_wconf 89' lang='lat' dir='ltr'><em>quae</em></span> <span class='ocrx_word' id='word_1_346' title='bbox 1422 3942 1492 4010; x_wconf 92' lang='lat' dir='ltr'><em>post</em></span> <span class='ocrx_word' id='word_1_347' title='bbox 1513 3951 1678 4012; x_wconf 85' lang='lat' dir='ltr'><em>cognomen</em></span> 
     </span>
     <span class='ocr_line' id='line_1_34' title="bbox 346 4036 1678 4118; baseline -0.004 -17"><span class='ocrx_word' id='word_1_348' title='bbox 346 4042 481 4118; x_wconf 90' lang='lat' dir='ltr'><em>sequitur</em></span> <span class='ocrx_word' id='word_1_349' title='bbox 502 4058 541 4096; x_wconf 89' lang='lat' dir='ltr'><em>an</em></span> <span class='ocrx_word' id='word_1_350' title='bbox 567 4038 676 4096; x_wconf 86' lang='lat' dir='ltr'><em>tribum</em></span> <span class='ocrx_word' id='word_1_351' title='bbox 705 4036 860 4116; x_wconf 84' lang='lat' dir='ltr'><em>significet,</em></span> <span class='ocrx_word' id='word_1_352' title='bbox 893 4037 968 4094; x_wconf 88' lang='lat' dir='ltr'><em>haec</em></span> <span class='ocrx_word' id='word_1_353' title='bbox 996 4036 1157 4111; x_wconf 86' lang='lat' dir='ltr'><em>explicatio</em></span> <span class='ocrx_word' id='word_1_354' title='bbox 1189 4036 1221 4094; x_wconf 88' lang='lat' dir='ltr'><em>in</em></span> <span class='ocrx_word' id='word_1_355' title='bbox 1249 4036 1428 4111; x_wconf 90' lang='lat' dir='ltr'><em>quibusdam</em></span> <span class='ocrx_word' id='word_1_356' title='bbox 1461 4036 1527 4095; x_wconf 92' lang='lat' dir='ltr'><em>sola</em></span> <span class='ocrx_word' id='word_1_357' title='bbox 1559 4038 1678 4096; x_wconf 88' lang='lat' dir='ltr'><em>admitti</em></span> 
     </span>
     <span class='ocr_line' id='line_1_35' title="bbox 346 4137 1679 4223; baseline -0.004 -20"><span class='ocrx_word' id='word_1_358' title='bbox 346 4151 446 4223; x_wconf 89' lang='lat' dir='ltr'><em>potest</em></span> <span class='ocrx_word' id='word_1_359' title='bbox 472 4141 648 4215; x_wconf 91' lang='lat' dir='ltr'><em>videturque</em></span> <span class='ocrx_word' id='word_1_360' title='bbox 673 4141 705 4197; x_wconf 91' lang='lat' dir='ltr'><em>in</em></span> <span class='ocrx_word' id='word_1_361' title='bbox 730 4139 819 4217; x_wconf 87' lang='lat' dir='ltr'><em>longe</em></span> <span class='ocrx_word' id='word_1_362' title='bbox 845 4139 998 4215; x_wconf 90' lang='lat' dir='ltr'><em>plerisque</em></span> <span class='ocrx_word' id='word_1_363' title='bbox 1025 4137 1231 4214; x_wconf 87' lang='lat' dir='ltr'><em>praeferenda,</em></span> <span class='ocrx_word' id='word_1_364' title='bbox 1265 4156 1333 4196; x_wconf 89' lang='lat' dir='ltr'><em>oum</em></span> <span class='ocrx_word' id='word_1_365' title='bbox 1362 4139 1538 4214; x_wconf 88' lang='lat' dir='ltr'><em>praesertim</em></span> <span class='ocrx_word' id='word_1_366' title='bbox 1565 4140 1679 4198; x_wconf 91' lang='lat' dir='ltr'><em>nullum</em></span> 
     </span>
     <span class='ocr_line' id='line_1_36' title="bbox 346 4239 1680 4317; baseline -0.004 -13"><span class='ocrx_word' id='word_1_367' title='bbox 346 4245 488 4304; x_wconf 86' lang='lat' dir='ltr'><em>indicium</em></span> <span class='ocrx_word' id='word_1_368' title='bbox 509 4242 605 4300; x_wconf 89' lang='lat' dir='ltr'><em>tribus</em></span> <span class='ocrx_word' id='word_1_369' title='bbox 629 4241 765 4300; x_wconf 89' lang='lat' dir='ltr'><em>diversae</em></span> <span class='ocrx_word' id='word_1_370' title='bbox 793 4242 824 4298; x_wconf 93' lang='lat' dir='ltr'><em>in</em></span> <span class='ocrx_word' id='word_1_371' title='bbox 847 4241 910 4299; x_wconf 89' lang='lat' dir='ltr'><em>ullo</em></span> <span class='ocrx_word' id='word_1_372' title='bbox 939 4259 1041 4299; x_wconf 89' lang='lat' dir='ltr'><em>eorum</em></span> <span class='ocrx_word' id='word_1_373' title='bbox 1068 4239 1244 4315; x_wconf 91' lang='lat' dir='ltr'><em>oppidorum</em></span> <span class='ocrx_word' id='word_1_374' title='bbox 1273 4241 1369 4299; x_wconf 87' lang='lat' dir='ltr'><em>adhuc</em></span> <span class='ocrx_word' id='word_1_375' title='bbox 1395 4241 1575 4317; x_wconf 85' lang='lat' dir='ltr'><em>apparuerit.</em></span> <span class='ocrx_word' id='word_1_376' title='bbox 1620 4242 1680 4299; x_wconf 89' lang='lat' dir='ltr'><em>Ita·</em></span> 
     </span>
     <span class='ocr_line' id='line_1_37' title="bbox 347 4340 1680 4425; baseline -0.003 -19"><span class='ocrx_word' id='word_1_377' title='bbox 347 4366 404 4425; x_wconf 90' lang='lat' dir='ltr'><em>que</em></span> <span class='ocrx_word' id='word_1_378' title='bbox 426 4343 619 4416; x_wconf 90' lang='lat' dir='ltr'><em>consuetudo,</em></span> <span class='ocrx_word' id='word_1_379' title='bbox 646 4362 738 4420; x_wconf 89' lang='lat' dir='ltr'><em>quam</em></span> <span class='ocrx_word' id='word_1_380' title='bbox 760 4361 852 4420; x_wconf 91' lang='lat' dir='ltr'><em>supra</em></span> <span class='ocrx_word' id='word_1_381' title='bbox 874 4343 1002 4401; x_wconf 91' lang='lat' dir='ltr'><em>vidimus</em></span> <span class='ocrx_word' id='word_1_382' title='bbox 1031 4345 1086 4401; x_wconf 90' lang='lat' dir='ltr'><em>sub</em></span> <span class='ocrx_word' id='word_1_383' title='bbox 1111 4343 1241 4418; x_wconf 91' lang='lat' dir='ltr'><em>posteris</em></span> <span class='ocrx_word' id='word_1_384' title='bbox 1268 4340 1387 4400; x_wconf 90' lang='lat' dir='ltr'><em>Nervae</em></span> <span class='ocrx_word' id='word_1_385' title='bbox 1416 4343 1592 4415; x_wconf 90' lang='lat' dir='ltr'><em>obtinuisse,</em></span> <span class='ocrx_word' id='word_1_386' title='bbox 1619 4362 1680 4402; x_wconf 94' lang='lat' dir='ltr'><em>non</em></span> 
     </span>
     <span class='ocr_line' id='line_1_38' title="bbox 347 4442 1681 4522; baseline -0.003 -14"><span class='ocrx_word' id='word_1_387' title='bbox 347 4448 515 4510; x_wconf 90' lang='lat' dir='ltr'><em>obtinuisse</em></span> <span class='ocrx_word' id='word_1_388' title='bbox 541 4453 638 4504; x_wconf 89' lang='lat' dir='ltr'><em>aetate</em></span> <span class='ocrx_word' id='word_1_389' title='bbox 662 4447 803 4522; x_wconf 84' lang='lat' dir='ltr'><em>Augusti,</em></span> <span class='ocrx_word' id='word_1_390' title='bbox 831 4465 868 4503; x_wconf 90' lang='lat' dir='ltr'><em>ne</em></span> <span class='ocrx_word' id='word_1_391' title='bbox 895 4451 959 4503; x_wconf 91' lang='lat' dir='ltr'><em>tum</em></span> <span class='ocrx_word' id='word_1_392' title='bbox 986 4445 1107 4520; x_wconf 91' lang='lat' dir='ltr'><em>quidem</em></span> <span class='ocrx_word' id='word_1_393' title='bbox 1135 4445 1271 4517; x_wconf 88' lang='lat' dir='ltr'><em>obtinuit,</em></span> <span class='ocrx_word' id='word_1_394' title='bbox 1298 4463 1365 4502; x_wconf 90' lang='lat' dir='ltr'><em>cum</em></span> <span class='ocrx_word' id='word_1_395' title='bbox 1388 4442 1532 4504; x_wconf 90' lang='lat' dir='ltr'><em>Claudius</em></span> <span class='ocrx_word' id='word_1_396' title='bbox 1553 4463 1681 4522; x_wconf 84' lang='lat' dir='ltr'><em>regnare</em></span> 
     </span>
     <span class='ocr_line' id='line_1_39' title="bbox 348 4547 1680 4628; baseline -0.005 -17"><span class='ocrx_word' id='word_1_397' title='bbox 348 4551 454 4628; x_wconf 89' lang='lat' dir='ltr'><em>coepit.</em></span> <span class='ocrx_word' id='word_1_398' title='bbox 501 4548 578 4608; x_wconf 88' lang='lat' dir='ltr'><em>Nam</em></span> <span class='ocrx_word' id='word_1_399' title='bbox 599 4547 803 4607; x_wconf 89' lang='lat' dir='ltr'><em>Mauretaniae</em></span> <span class='ocrx_word' id='word_1_400' title='bbox 826 4547 975 4606; x_wconf 90' lang='lat' dir='ltr'><em>ordinatio</em></span> <span class='ocrx_word' id='word_1_401' title='bbox 998 4547 1155 4606; x_wconf 85' lang='lat' dir='ltr'><em>coniuncta</em></span> <span class='ocrx_word' id='word_1_402' title='bbox 1178 4549 1241 4606; x_wconf 87' lang='lat' dir='ltr'><em>sine</em></span> <span class='ocrx_word' id='word_1_403' title='bbox 1264 4547 1354 4606; x_wconf 92' lang='lat' dir='ltr'><em>dubio</em></span> <span class='ocrx_word' id='word_1_404' title='bbox 1378 4566 1445 4606; x_wconf 93' lang='lat' dir='ltr'><em>cum</em></span> <span class='ocrx_word' id='word_1_405' title='bbox 1466 4547 1557 4606; x_wconf 89' lang='lat' dir='ltr'><em>caede</em></span> <span class='ocrx_word' id='word_1_406' title='bbox 1579 4547 1680 4605; x_wconf 90' lang='lat' dir='ltr'><em>Ptole-</em></span> 
     </span>
    </p>
   </div>
   <div class='ocr_carea' id='block_1_4' title="bbox 350 4815 1681 5346">
    <p class='ocr_par' dir='ltr' id='par_1_5' title="bbox 350 4815 1681 4977">
     <span class='ocr_line' id='line_1_40' title="bbox 427 4815 1681 4884; baseline -0.002 -13"><span class='ocrx_word' id='word_1_407' title='bbox 427 4821 450 4883; x_wconf 87' lang='lat'><em>¹)</em></span> <span class='ocrx_word' id='word_1_408' title='bbox 488 4821 589 4871; x_wconf 83' lang='lat' dir='ltr'><em>Eodem</em></span> <span class='ocrx_word' id='word_1_409' title='bbox 612 4819 776 4870; x_wconf 82' lang='lat' dir='ltr'><em>referendum</em></span> <span class='ocrx_word' id='word_1_410' title='bbox 801 4821 861 4882; x_wconf 90' lang='lat' dir='ltr'><em>erit,</em></span> <span class='ocrx_word' id='word_1_411' title='bbox 894 4821 963 4884; x_wconf 92' lang='lat' dir='ltr'><em>quod</em></span> <span class='ocrx_word' id='word_1_412' title='bbox 988 4820 1027 4868; x_wconf 92' lang='lat' dir='ltr'><em>vir</em></span> <span class='ocrx_word' id='word_1_413' title='bbox 1051 4820 1180 4884; x_wconf 85' lang='lat' dir='ltr'><em>Hispanus</em></span> <span class='ocrx_word' id='word_1_414' title='bbox 1203 4820 1299 4868; x_wconf 80' lang='lat' dir='ltr'><em>uiritim</em></span> <span class='ocrx_word' id='word_1_415' title='bbox 1324 4837 1341 4869; x_wconf 85' lang='lat' dir='ltr'><em>a</em></span> <span class='ocrx_word' id='word_1_416' title='bbox 1364 4819 1423 4870; x_wconf 80' lang='lat' dir='ltr'><em>diuo</em></span> <span class='ocrx_word' id='word_1_417' title='bbox 1446 4815 1553 4868; x_wconf 81' lang='lat' dir='ltr'><em>Claudio</em></span> <span class='ocrx_word' id='word_1_418' title='bbox 1579 4820 1681 4869; x_wconf 82' lang='lat' dir='ltr'><em>ciuitate</em></span> 
     </span>
     <span class='ocr_line' id='line_1_41' title="bbox 350 4911 1496 4977; baseline -0.002 -15"><span class='ocrx_word' id='word_1_419' title='bbox 350 4912 457 4964; x_wconf 87' lang='lat' dir='ltr'><em>donatus</em></span> <span class='ocrx_word' id='word_1_420' title='bbox 475 4915 618 4977; x_wconf 88' lang='lat' dir='ltr'><em>adscriptus</em></span> <span class='ocrx_word' id='word_1_421' title='bbox 638 4921 676 4962; x_wconf 89' lang='lat' dir='ltr'><em>est</em></span> <span class='ocrx_word' id='word_1_422' title='bbox 695 4911 773 4961; x_wconf 90' lang='lat' dir='ltr'><em>tribui</em></span> <span class='ocrx_word' id='word_1_423' title='bbox 793 4911 924 4973; x_wconf 86' lang='lat' dir='ltr'><em>Quirinae,</em></span> <span class='ocrx_word' id='word_1_424' title='bbox 945 4913 995 4961; x_wconf 93' lang='lat' dir='ltr'><em>nisi</em></span> <span class='ocrx_word' id='word_1_425' title='bbox 1013 4912 1089 4960; x_wconf 90' lang='lat' dir='ltr'><em>lectio</em></span> <span class='ocrx_word' id='word_1_426' title='bbox 1108 4912 1176 4961; x_wconf 86' lang='lat' dir='ltr'><em>fallit</em></span> <span class='ocrx_word' id='word_1_427' title='bbox 1195 4913 1263 4961; x_wconf 90' lang='lat' dir='ltr'><em>tituli</em></span> <span class='ocrx_word' id='word_1_428' title='bbox 1283 4912 1496 4962; x_wconf 83' lang='lat' dir='ltr'><em>vol.IIn.159.</em></span> 
     </span>
    </p>

    <p class='ocr_par' dir='ltr' id='par_1_6' title="bbox 351 5002 1681 5346">
     <span class='ocr_line' id='line_1_42' title="bbox 426 5002 1680 5069; baseline -0.004 -13"><span class='ocrx_word' id='word_1_429' title='bbox 426 5003 451 5069; x_wconf 67' lang='grc'><em>2)</em></span> <span class='ocrx_word' id='word_1_430' title='bbox 491 5005 588 5056; x_wconf 86' lang='lat' dir='ltr'><em>Contra</em></span> <span class='ocrx_word' id='word_1_431' title='bbox 606 5006 708 5055; x_wconf 83' lang='lat' dir='ltr'><em>Emona</em></span> <span class='ocrx_word' id='word_1_432' title='bbox 727 5005 775 5054; x_wconf 84' lang='lat' dir='ltr'><em>etsi</em></span> <span class='ocrx_word' id='word_1_433' title='bbox 794 5010 819 5052; x_wconf 93' lang='lat' dir='ltr'><em>et</em></span> <span class='ocrx_word' id='word_1_434' title='bbox 841 5004 898 5068; x_wconf 87' lang='lat' dir='ltr'><em>ipsa</em></span> <span class='ocrx_word' id='word_1_435' title='bbox 920 5005 948 5054; x_wconf 91' lang='lat' dir='ltr'><em>in</em></span> <span class='ocrx_word' id='word_1_436' title='bbox 966 5003 1077 5054; x_wconf 85' lang='lat' dir='ltr'><em>Claudia</em></span> <span class='ocrx_word' id='word_1_437' title='bbox 1094 5004 1163 5054; x_wconf 84' lang='lat' dir='ltr'><em>tribu</em></span> <span class='ocrx_word' id='word_1_438' title='bbox 1182 5004 1230 5053; x_wconf 86' lang='lat' dir='ltr'><em>fuit</em></span> <span class='ocrx_word' id='word_1_439' title='bbox 1250 5003 1311 5064; x_wconf 91' lang='lat' dir='ltr'><em>(vol.</em></span> <span class='ocrx_word' id='word_1_440' title='bbox 1324 5005 1367 5054; x_wconf 87' lang='lat'><em>111</em></span> <span class='ocrx_word' id='word_1_441' title='bbox 1386 5019 1412 5067; x_wconf 91' lang='lat' dir='ltr'><em>p.</em></span> <span class='ocrx_word' id='word_1_442' title='bbox 1426 5002 1499 5064; x_wconf 84' lang='lat'><em>488),</em></span> <span class='ocrx_word' id='word_1_443' title='bbox 1526 5019 1583 5052; x_wconf 87' lang='lat' dir='ltr'><em>cum</em></span> <span class='ocrx_word' id='word_1_444' title='bbox 1602 5018 1680 5067; x_wconf 92' lang='lat' dir='ltr'><em>prop-</em></span> 
     </span>
     <span class='ocr_line' id='line_1_43' title="bbox 351 5095 1681 5158; baseline -0.001 -13"><span class='ocrx_word' id='word_1_445' title='bbox 351 5103 390 5146; x_wconf 91' lang='lat' dir='ltr'><em>ter</em></span> <span class='ocrx_word' id='word_1_446' title='bbox 409 5097 491 5146; x_wconf 86' lang='lat' dir='ltr'><em>Iuliae</em></span> <span class='ocrx_word' id='word_1_447' title='bbox 510 5111 605 5146; x_wconf 92' lang='lat' dir='ltr'><em>nomen</em></span> <span class='ocrx_word' id='word_1_448' title='bbox 626 5098 756 5146; x_wconf 87' lang='lat' dir='ltr'><em>civitatem</em></span> <span class='ocrx_word' id='word_1_449' title='bbox 775 5102 851 5146; x_wconf 88' lang='lat' dir='ltr'><em>antea</em></span> <span class='ocrx_word' id='word_1_450' title='bbox 870 5103 1007 5146; x_wconf 85' lang='lat' dir='ltr'><em>consecuta</em></span> <span class='ocrx_word' id='word_1_451' title='bbox 1026 5110 1082 5146; x_wconf 88' lang='lat' dir='ltr'><em>esse</em></span> <span class='ocrx_word' id='word_1_452' title='bbox 1095 5096 1219 5158; x_wconf 88' lang='lat' dir='ltr'><em>videatur,</em></span> <span class='ocrx_word' id='word_1_453' title='bbox 1241 5097 1319 5146; x_wconf 89' lang='lat' dir='ltr'><em>etiam</em></span> <span class='ocrx_word' id='word_1_454' title='bbox 1333 5096 1469 5146; x_wconf 83' lang='lat' dir='ltr'><em>Claudiam</em></span> <span class='ocrx_word' id='word_1_455' title='bbox 1488 5095 1584 5144; x_wconf 92' lang='lat' dir='ltr'><em>tribum</em></span> <span class='ocrx_word' id='word_1_456' title='bbox 1604 5096 1681 5145; x_wconf 91' lang='lat' dir='ltr'><em>simul</em></span> 
     </span>
     <span class='ocr_line' id='line_1_44' title="bbox 351 5184 1678 5254; baseline -0.001 -17"><span class='ocrx_word' id='word_1_457' title='bbox 351 5188 478 5238; x_wconf 86' lang='lat' dir='ltr'><em>credenda</em></span> <span class='ocrx_word' id='word_1_458' title='bbox 503 5195 542 5238; x_wconf 88' lang='lat' dir='ltr'><em>est</em></span> <span class='ocrx_word' id='word_1_459' title='bbox 565 5196 702 5240; x_wconf 84' lang='lat' dir='ltr'><em>consecuta</em></span> <span class='ocrx_word' id='word_1_460' title='bbox 727 5205 791 5238; x_wconf 88' lang='lat' dir='ltr'><em>esse.</em></span> <span class='ocrx_word' id='word_1_461' title='bbox 830 5189 935 5238; x_wconf 88' lang='lat' dir='ltr'><em>Albona</em></span> <span class='ocrx_word' id='word_1_462' title='bbox 958 5187 1017 5250; x_wconf 92' lang='lat' dir='ltr'><em>(vol.</em></span> <span class='ocrx_word' id='word_1_463' title='bbox 1032 5187 1076 5237; x_wconf 91' lang='grc' dir='ltr'><em>ΙΠ</em></span> <span class='ocrx_word' id='word_1_464' title='bbox 1098 5204 1124 5252; x_wconf 89' lang='lat' dir='ltr'><em>p.</em></span> <span class='ocrx_word' id='word_1_465' title='bbox 1139 5188 1202 5251; x_wconf 81' lang='lat'>390)</span> <span class='ocrx_word' id='word_1_466' title='bbox 1228 5197 1253 5238; x_wconf 89' lang='lat' dir='ltr'><em>et</em></span> <span class='ocrx_word' id='word_1_467' title='bbox 1275 5189 1405 5239; x_wconf 88' lang='lat' dir='ltr'><em>Nedinum</em></span> <span class='ocrx_word' id='word_1_468' title='bbox 1430 5184 1492 5254; x_wconf 83' lang='lat' dir='ltr'><em>(vol.</em></span> <span class='ocrx_word' id='word_1_469' title='bbox 1506 5188 1550 5237; x_wconf 92' lang='lat' dir='ltr'><em>III</em></span> <span class='ocrx_word' id='word_1_470' title='bbox 1575 5204 1600 5252; x_wconf 92' lang='lat' dir='ltr'><em>p.</em></span> <span class='ocrx_word' id='word_1_471' title='bbox 1615 5186 1678 5248; x_wconf 81' lang='lat'><strong>371)</strong></span> 
     </span>
     <span class='ocr_line' id='line_1_45' title="bbox 352 5279 1623 5346; baseline 0 -18"><span class='ocrx_word' id='word_1_472' title='bbox 352 5279 500 5334; x_wconf 83' lang='lat' dir='ltr'><em>Dalmatiae</em></span> <span class='ocrx_word' id='word_1_473' title='bbox 520 5279 643 5332; x_wconf 85' lang='lat' dir='ltr'><em>Claudiae</em></span> <span class='ocrx_word' id='word_1_474' title='bbox 664 5281 744 5332; x_wconf 87' lang='lat' dir='ltr'><em>tribus</em></span> <span class='ocrx_word' id='word_1_475' title='bbox 764 5287 788 5331; x_wconf 91' lang='lat' dir='ltr'><em>et</em></span> <span class='ocrx_word' id='word_1_476' title='bbox 807 5283 864 5345; x_wconf 87' lang='lat' dir='ltr'><em>ipsa</em></span> <span class='ocrx_word' id='word_1_477' title='bbox 883 5297 933 5346; x_wconf 91' lang='lat' dir='ltr'><em>quo</em></span> <span class='ocrx_word' id='word_1_478' title='bbox 953 5288 1069 5346; x_wconf 88' lang='lat' dir='ltr'><em>tempore</em></span> <span class='ocrx_word' id='word_1_479' title='bbox 1088 5282 1122 5331; x_wconf 88' lang='lat' dir='ltr'><em>ad</em></span> <span class='ocrx_word' id='word_1_480' title='bbox 1141 5282 1271 5332; x_wconf 84' lang='lat' dir='ltr'><em>civitatem</em></span> <span class='ocrx_word' id='word_1_481' title='bbox 1289 5281 1460 5346; x_wconf 87' lang='lat' dir='ltr'><em>pervenerint,</em></span> <span class='ocrx_word' id='word_1_482' title='bbox 1483 5280 1623 5345; x_wconf 85' lang='lat' dir='ltr'><em>ignoratur.</em></span> 
     </span>
    </p>
   </div>
   <div class='ocr_carea' id='block_1_5' title="bbox 0 0 1834 6050">
    <p class='ocr_par' dir='ltr' id='par_1_7' title="bbox 0 0 1834 6050">
     <span class='ocr_line' id='line_1_46' title="bbox 0 0 1834 6050; baseline 0 0"><span class='ocrx_word' id='word_1_483' title='bbox 0 0 1834 6050; x_wconf 95' lang='lat' dir='ltr'><em> </em></span> 
     </span>
    </p>
   </div>
  </div>
 </body>
</html>
