3620 6050
537 529 612 578 unx
638 528 806 579 neruum
831 527 1086 580 urelsonnsrs.
1409 513 1481 585 185

233 705 321 780 Quod
349 704 412 764 ludi
442 703 579 780 magistri
607 702 704 779 capite
730 703 786 760 boc
813 702 880 760 loco
908 703 981 762 satis
1009 704 1206 776 incommode,
1234 711 1265 762 ut
1292 723 1382 782 supra
1409 707 1482 781 dixi,
1526 725 1594 775 vm

152 811 186 869 de
207 809 404 868 conductione
425 807 574 866 locatione
595 823 719 882 operum
740 805 956 864 metallicorum
979 807 1148 884 praeceptis
1170 808 1349 886 interposito
1372 827 1391 866 a
1412 827 1482 885 pro·
1524 809 1593 857 Ludi

151 919 285 972 curatore
300 911 490 970 metallorum
512 909 649 968 dicuntur
671 908 820 967 immunes
843 926 921 981 esse,
942 909 974 966 id
995 917 1074 967 recte
1097 909 1161 968 sine
1183 910 1272 968 dubio
1295 910 1481 970 aMomm-
1500 892 1616 955 magistri

152 1033 235 1076 seno
257 1015 289 1074 in
311 1013 503 1074 adnotatione
526 1011 605 1070 infra
626 1011 726 1086 posita
748 1019 953 1088 comparatum
976 1020 1023 1070 est
1042 1029 1111 1070 cum
1131 1017 1202 1070 nota
1220 1014 1481 1089 grammaticorum
1519 991 1543 1025 v.
1558 975 1592 1025 59

151 1117 361 1176 amuneribus
389 1115 516 1194 publicis
543 1114 574 1172 in
600 1113 772 1192 municipiis
794 1113 942 1172 libertate.
987 1110 1185 1173 Grammatici
1210 1114 1302 1191 igitur
1324 1116 1388 1175 sive
1411 1117 1480 1176 arti·

148 1221 214 1279 ficio
242 1221 307 1278 sive
335 1218 454 1294 opificio
476 1217 561 1276 nulla
586 1235 710 1275 munera
736 1235 866 1275 onerare
891 1215 1013 1293 publica
1033 1217 1149 1276 metalli
1170 1216 1363 1294 Vipascensis
1385 1218 1482 1296 impo-

148 1331 267 1380 nuntur.
311 1320 406 1380 Nulla
426 1320 526 1398 igitur,
550 1326 582 1378 ut
597 1337 689 1396 supra
704 1319 777 1391 dixi,
799 1319 888 1378 huius
908 1318 1015 1395 capitis
1031 1327 1191 1396 praecepto
1207 1339 1274 1379 cum
1296 1320 1481 1397 reliquorum

147 1424 313 1502 praeceptis
336 1423 502 1482 similitudo
524 1430 579 1481 est.

226 1527 342 1585 Puteos
364 1525 478 1584 metalli
500 1524 697 1601 Vipascensis
724 1533 950 1602 procuratorem
971 1524 1085 1584 metalli
1106 1525 1279 1585 vendidisse
1307 1545 1398 1603 supra
1419 1527 1480 1587 iam
1492 1542 1535 1592 lx
1554 1544 1634 1595 Usur.

146 1630 277 1688 vidimus
299 1628 376 1704 (v.3
404 1627 466 1703 15).
509 1627 634 1698 Pute0s‚
661 1645 738 1704 quae
765 1624 892 1686 Graecis
919 1617 1031 1708 φρέατα
1060 1637 1138 1702 sunt,
1168 1630 1206 1688 ad
1233 1630 1333 1688 omnia
1358 1630 1480 1689 metalla
1504 1627 1624 1690 pationes

146 1731 318 1791 effodienda
339 1731 436 1790 factos
458 1747 527 1788 esse
549 1729 688 1788 novimus
710 1729 835 1788 Plinio
859 1729 1021 1805 (XXXIII
1042 1729 1080 1790 66
1102 1731 1153 1790 ubi
1175 1733 1212 1791 de
1229 1742 1380 1808 puteorum
1402 1752 1478 1793 aero·
1496 1716 1633 1806 lntfflfum

146 1837 222 1894 bibus
250 1834 387 1911 loquitur
412 1839 441 1890 ct
467 1831 612 1890 XXXIV
632 1830 665 1907 2)
696 1837 725 1892 et
748 1829 959 1909 Strabone¹)
987 1833 1124 1892 testibus.
1166 1835 1294 1894 Miratur
1321 1835 1374 1895 ille
1400 1834 1478 1911 (sive
1493 1802 1633 1927 εὲῖῑέζῗ

145 1938 242 2015 potius
265 1937 295 1995 is
317 1954 407 2012 quem
429 1935 566 2013 sequitur
588 1942 701 2005 auctor,
723 1942 795 2010 puto
818 1932 975 1995 Cornelius
996 1935 1151 2014 Bocchus)
1177 1939 1272 1997 adhuc
1289 1956 1345 2014 per
1366 1937 1479 2014 Hispa·
1499 1961 1619 2012 v.58-60

144 2044 206 2099 aior
229 2039 267 2098 ob
290 2037 457 2098 Hannibale
477 2037 624 2096 incubator
647 2038 753 2096 durare
770 2047 872 2114 puteos
900 2037 1057 2114 (XXXIII
1080 2038 1144 2114 96).
1187 2041 1294 2116 Itaque
1319 2041 1351 2099 in
1378 2041 1477 2119 puteis

145 2142 324 2201 effodiendis
345 2159 440 2218 aeque
462 2147 553 2216 atque
574 2141 606 2198 in
627 2139 753 2198 scauriis
774 2139 938 2216 purgandis
953 2141 1078 2217 pulvere
1099 2141 1229 2200 lavando
1252 2143 1339 2202 testis
1361 2153 1477 2203 rutran-

144 2247 187 2304 dis
214 2245 370 2322 lapidibus
398 2242 556 2302 caedendis
584 2261 707 2319 operam
728 2241 862 2320 ipsorum
890 2241 1079 2302 metallorum
1108 2245 1281 2318 primariam
1304 2247 1479 2306 constitisse

144 2347 303 2424 probabile
325 2352 379 2405 est.
425 2343 486 2406 Sed
507 2346 611 2404 eadem
633 2343 830 2403 conductione
851 2345 965 2402 metalli
987 2345 1077 2404 etiam
1099 2346 1145 2406 ius
1169 2349 1376 2408 continebatur
1395 2350 1478 2427 putei
1509 2367 1514 2378 ·

143 2449 320 2520 effodiendi;
345 2449 377 2507 id
403 2448 486 2524 quod
512 2467 550 2505 ex
576 2447 680 2506 ultimo
709 2447 798 2506 huius
826 2447 902 2524 legis
930 2447 1036 2525 capite,
1069 2449 1151 2524 quod
1178 2451 1297 2526 quidem
1326 2461 1477 2512 servatum

143 2561 196 2624 est,
224 2552 380 2611 discimus.
424 2550 550 2609 Videtur
576 2559 674 2607 autem
696 2567 745 2608 res
769 2549 907 2608 similiter
929 2557 1018 2626 atque
1045 2551 1076 2608 in
1102 2553 1227 2611 scauriis
1249 2555 1413 2614 tractandis
1435 2555 1478 2612 ita

140 2656 235 2714 fuisse
268 2654 416 2724 instituta,
449 2664 482 2710 ut
514 2651 713 2710 conductores
743 2651 831 2710 huius
862 2652 1027 2728 vectigalis,
1060 2671 1241 2730 quamquam
1270 2664 1300 2713 et
1324 2657 1384 2734 ipsi
1412 2657 1477 2716 sine

142 2758 229 2816 dubio
256 2765 417 2833 puteorum
445 2753 680 2813 effodiendorum
710 2755 758 2814 ius
790 2755 958 2814 babuerunt
989 2774 1105 2832 proque
1139 2775 1174 2814 eo
1205 2758 1269 2816 iure
1301 2759 1476 2834 pensionem
1564 2751 1567 2756 ’

140 2858 329 2937 procuratori
351 2857 541 2916 metallorum
563 2857 729 2929 solvebant,
755 2863 855 2914 tamen
882 2858 1058 2934 plerumque
1085 2877 1145 2918 non
1174 2861 1234 2936 ipsi
1261 2879 1297 2920 eo
1323 2861 1387 2920 iure
1413 2869 1476 2920 ute·

140 2971 255 3036 rentur,
287 2961 340 3020 sed
363 2979 377 3018 e
399 2961 458 3036 leue
483 2959 607 3018 metallis
635 2960 711 3018 dieto
737 2957 779 3035 (v.
796 2959 850 3035 59)
877 2959 945 3018 aliis
973 2979 1092 3038 quoque
1114 2969 1220 3037 puteos
1247 2963 1406 3024 effodiendi
1428 2964 1475 3023 ius

140 3073 218 3124 esset
245 3063 339 3124 certis
366 3061 600 3121 condicionibus.
649 3060 715 3120 Lex
741 3061 794 3120 illa
819 3063 949 3122 metallis
983 3063 1061 3122 dicta
1090 3071 1190 3122 utrum
1218 3067 1293 3124 haec
1318 3067 1387 3142 ipsa
1414 3086 1475 3124 me-

139 3169 211 3226 tallo
240 3165 424 3242 Vipascensi
452 3165 531 3223 dieta
557 3164 657 3222 sitan
683 3164 743 3222 alia
771 3164 918 3241 quaedam
950 3166 1142 3240 universalis,
1174 3186 1252 3243 quae
1285 3168 1322 3228 ad
1355 3168 1476 3226 metalla
1549 3162 1556 3182 ‘

140 3271 239 3329 omnia
274 3268 458 3344 pertinebat,
491 3266 620 3326 dubitari
652 3274 766 3342 potest;
805 3267 1028 3327 Mommseno
1061 3270 1132 3341 hoo,
1169 3270 1242 3328 milri
1274 3270 1347 3328 illud
1379 3273 1474 3348 magis

137 3373 293 3450 probatur.
337 3369 491 3428 Metallum
520 3369 600 3428 enim
632 3369 690 3428 boc
718 3368 908 3446 Vipascense
935 3371 1025 3430 etiam
1058 3372 1168 3448 plurali
1201 3391 1325 3431 numero
1354 3374 1476 3434 metalla

139 3476 195 3536 dici
228 3473 368 3552 potuisse
402 3490 494 3549 supra
526 3472 663 3531 vidimus.
714 3472 763 3530 Ex
795 3474 852 3531 hac
885 3479 984 3532 autem
1016 3475 1084 3553 lege
1116 3475 1326 3551 qualicumque
1359 3477 1475 3535 unicui·

138 3597 193 3656 que
218 3577 332 3638 licebat
358 3576 437 3634 intra
463 3574 537 3634 fines
566 3575 656 3634 huius
678 3575 792 3634 metalli
814 3575 944 3651 [puteum
967 3576 1125 3654 locum]que
1141 3581 1224 3652 putei
1249 3577 1305 3654 (ita
1326 3579 1474 3656 supplevi,

137 3699 233 3758 neque
256 3697 330 3738 vero
353 3678 428 3738 satis
456 3675 652 3750 confidentem
679 3679 886 3754 expectaveris
913 3679 1018 3738 saltem
1049 3679 1183 3756 locumve)
1211 3697 1358 3756 usurpare
1385 3700 1474 3740 occu-

137 3803 247 3861 pareve
275 3781 351 3840 iuris
379 3780 528 3840 retinendi
556 3797 663 3852 causa,
692 3780 763 3838 dum
789 3780 879 3838 modo
911 3781 991 3839 intra
1018 3789 1133 3838 certum
1165 3783 1309 3860 temporis
1343 3784 1474 3860 spatium

138 3886 235 3963 (bidui
264 3884 405 3956 fortasse,
433 3902 499 3942 cum
522 3901 539 3941 s
561 3883 662 3940 littera
689 3882 720 3940 in
742 3901 811 3940 aere
841 3890 960 3942 servata
980 3883 1032 3942 vix
1055 3882 1137 3941 aliud
1159 3885 1398 3960 supplementum
1420 3904 1474 3961 pa·

136 3989 240 4065 tiatur)
265 3987 347 4064 apud
368 3987 580 4045 conductorem
602 3985 691 4044 huius
714 3984 868 4061 vectigalis
891 4002 995 4044 servos
1017 3987 1309 4062 mercennariosque‚
1335 4002 1411 4063 quos
1434 3989 1473 4046 ad

136 4099 261 4169 puteum
287 4088 487 4149 effodiendum
512 4088 638 4160 miserit,
667 4088 845 4163 profiteatur
874 4087 1108 4164 conductorique
1136 4108 1191 4166 pro
1220 4089 1366 4165 operariis
1399 4098 1472 4168 puto

138 4195 266 4272 singulis
293 4192 469 4268 pensionem
499 4199 682 4249 menstruam
710 4191 817 4250 solvat.
861 4186 927 4248 Hoc
954 4198 1001 4249 est
1026 4191 1108 4268 quod
1136 4209 1228 4269 supra
1257 4191 1386 4252 vidimus
1413 4193 1472 4251 dici

138 4307 245 4375 puteos
284 4314 303 4352 a
337 4302 533 4370 procuratore
569 4312 682 4366 emere,
725 4293 839 4352 scilicet
872 4293 1045 4352 tractandos
1081 4294 1328 4372 effodiendosque
1363 4315 1472 4354 emere.

139 4397 304 4473 Quaeritur
330 4396 541 4473 usurpationes
568 4395 639 4455 illae
665 4397 870 4472 emptionesve
895 4405 1055 4473 puteorum
1080 4416 1134 4456 cur
1154 4398 1184 4455 in
1206 4399 1274 4474 ipsa
1295 4398 1403 4476 capitis
1425 4398 1472 4456 in-

137 4502 298 4580 scriptione
331 4499 469 4558 dicantur
500 4498 713 4574 pittaciarium.
776 4499 988 4572 Pinacium,
1024 4500 1105 4575 quod
1137 4501 1316 4559 vocabulum
1348 4519 1421 4558 num
1453 4519 1472 4558 a

138 4603 256 4664 Graeco
276 4593 375 4662 adurar
393 4609 475 4661 recte
497 4601 648 4661 derivetur
670 4601 783 4672 dubito,
807 4621 874 4661 cum
895 4603 962 4680 pice
983 4611 1083 4661 autem
1106 4603 1260 4679 aliquanto
1281 4600 1470 4679 probabilius

136 4707 253 4768 videtur
280 4705 421 4781 componi
450 4721 552 4783 posse,
580 4705 735 4781 pittacium
762 4705 853 4784 igitur
882 4705 1055 4764 schedulam
1086 4705 1264 4782 inscriptam
1293 4704 1469 4780 plerumque

136 4891 341 4902 ι--ηι-σ-

210 5051 235 5114 1)
273 5053 304 5102 L.
318 5067 338 5102 e.
352 5067 372 5102 s.
393 5068 418 5117 p.
431 5051 482 5102 146
499 5050 520 5102 O
540 5037 687 5123 ὅχρυσᾶς.
704 5085 711 5098 .
727 5045 827 5118 σύρεται
847 5047 887 5100 καὶ
906 5047 1069 5102 πλύνεται..
1086 5089 1093 5114 ,
1112 5043 1127 5114 ἥ
1148 5040 1277 5119 o'po'rrsrar
1296 5045 1384 5121 φρίαρ,
1405 5045 1421 5117 η’
1442 5049 1469 5102 db

134 5135 308 5215 ἀνενεχθεῖσα
326 5141 358 5212 ti
375 5132 495 5194 πλῦνεται
508 5179 514 5191 .
528 5131 573 5202 ταῖς
593 5141 620 5193 dl
638 5139 683 5194 ταῧ
702 5129 810 5213 ἀργιῖρου
822 5137 938 5210 rapimur
951 5141 1065 5194 arrodere
1078 5134 1195 5209 α’ψηλαῖς.
1211 5179 1218 5192 .
1235 5179 1241 5192 .
1258 5156 1282 5192 .·
1296 5143 1342 5196 τῶν
1355 5141 1383 5194 dl
1396 5147 1468 5214 χαλ-

132 5231 261 5306 κουργείων
274 5223 332 5286 revel
346 5237 462 5287 καλεῖται
475 5240 597 5308 χρυσεῖα,
613 5235 640 5304 ἐξ
654 5222 685 5288 ὧν
697 5230 870 5307 τεκμαίρονται
883 5226 982 5306 χρυσδν
996 5233 1024 5304 ἐξ
1037 5231 1114 5288 adeda
1128 5225 1282 5307 ὀρῦττεσθαι
1294 5226 1421 5309 πρᾶτερον.
