3620 6050
336 530 408 602 186
922 533 1069 594 abuma

336 723 516 802 significare,
553 721 658 798 quales
691 719 812 796 quidem
847 717 910 778 vini
946 718 1099 796 amphoris
1136 717 1217 796 affigi
1252 717 1401 793 solebant,
1436 719 1545 779 deinde
1579 722 1661 782 etiam

335 825 481 905 epistulas
503 825 609 884 breves
630 823 809 899 libellosque
832 841 848 880 e
869 821 1013 880 Petronio
1035 820 1211 898 Lampridio
1236 819 1337 881 codice
1359 821 1572 882 Theodosiano
1598 825 1659 884 aliis

334 929 433 989 lexica
460 927 613 987 adnotant.
656 925 787 985 Pittacia
818 924 910 1002 igitur
939 924 1013 982 haec
1045 923 1146 1000 aliqua
1177 923 1294 983 ratione
1325 925 1506 985 credendum
1538 933 1585 986 est
1614 928 1662 1005 figi

335 1031 472 1110 potuisse
493 1031 531 1089 ab
558 1027 805 1108 empturientibus
835 1028 879 1086 eis
906 1027 992 1100 locis,
1018 1026 1069 1086 ubi
1090 1033 1212 1104 puteum
1233 1026 1433 1088 effodiendum
1455 1029 1662 1106 suscipiebant,

335 1135 464 1194 fortasse
478 1132 651 1193 nominibus
666 1131 801 1210 ipsorum
819 1129 974 1208 inscripta.
1016 1127 1085 1189 Hoc
1099 1135 1198 1190 autem
1213 1132 1417 1192 necessarium
1430 1131 1546 1190 videtur
1564 1132 1662 1207 fuisse,

336 1257 374 1296 ne
401 1237 587 1296 diversorum
614 1235 803 1293 dominorum
827 1240 1060 1310 patronorumve
1086 1251 1195 1311 operae
1221 1233 1253 1292 in
1275 1234 1373 1311 puteis
1394 1234 1572 1294 incohandis
1595 1235 1663 1296 alter

337 1339 425 1400 alteri
445 1339 607 1398 officerent.
624 1411 626 1416 Ι
650 1336 782 1396 Pittacia
803 1343 903 1396 autem
925 1335 978 1394 illa
992 1335 1157 1411 putandum
1177 1343 1224 1396 est
1242 1336 1346 1412 aliqua
1365 1337 1482 1396 ratione
1496 1338 1664 1398 conductori

337 1442 470 1501 indicata
496 1441 534 1500 ab
556 1458 650 1516 eoque
672 1445 754 1498 certa
775 1439 921 1515 pensione
942 1445 1065 1515 accepta
1090 1447 1143 1496 aut
1168 1456 1223 1513 pro
1252 1439 1352 1515 puteis
1375 1448 1427 1498 aut
1447 1458 1501 1516 pro
1525 1441 1664 1518 operariis

337 1544 466 1624 singulis
486 1544 518 1602 in
532 1543 665 1602 codicem
687 1541 781 1600 relata
795 1558 874 1614 esse,
896 1548 929 1600 ut
948 1541 1001 1617 qui
1022 1540 1152 1617 professi
1173 1547 1275 1601 essent
1294 1541 1516 1620 solvissentque
1531 1562 1567 1602 eo
1584 1543 1665 1601 modo

337 1649 385 1706 ius
411 1647 494 1725 putei
521 1645 682 1706 effodiendi
709 1645 881 1703 retinerent.
924 1643 972 1702 Ita
999 1643 1127 1720 vectigal
1154 1643 1227 1702 illud
1256 1644 1459 1721 pittaciarium
1480 1646 1541 1705 dici
1566 1645 1666 1722 potuit.

337 1750 408 1810 Non
435 1749 500 1809 sine
528 1748 713 1808 dubitatione
739 1755 838 1806 autem
859 1747 933 1806 haee
953 1745 1141 1805 Mommsenc
1163 1746 1354 1822 potissimum
1377 1757 1497 1824 auctore
1519 1765 1667 1826 propono;

338 1851 505 1930 probabilia
526 1860 626 1911 tamen
647 1857 730 1928 puto,
757 1867 930 1926 quanquam
953 1867 1020 1908 cum
1042 1849 1121 1908 aeris
1144 1849 1291 1927 scriptura
1311 1850 1360 1908 hic
1386 1851 1424 1910 ad
1450 1852 1539 1911 finem
1566 1869 1668 1928 perve-

338 1955 411 2028 niat,
434 1955 614 2015 coniecturis
636 1953 716 2012 ultro
737 1951 892 2031 indulgere
915 1969 988 2012 sane
1009 1952 1186 2012 temeritatis
1209 1969 1276 2012 esse
1297 1952 1444 2014 videatur.

422 2403 507 2463 Haec
534 2403 597 2462 fere
627 2408 706 2472 sunt,
740 2419 817 2478 quae
850 2400 887 2459 de
917 2401 1045 2480 singulis
1077 2400 1154 2478 legis
1188 2401 1339 2480 capitibus
1370 2402 1541 2462 adnotanda
1575 2403 1671 2463 habui.

341 2505 444 2585 Siquis
473 2525 551 2583 quae
575 2505 645 2564 inde
672 2503 815 2563 discimus
842 2522 922 2563 nova
946 2523 1008 2562 non
1037 2522 1133 2580 pauca
1163 2505 1195 2563 in
1228 2505 1400 2564 universum
1430 2505 1672 2577 consideraverit,

340 2627 419 2667 nova
439 2609 471 2667 in
492 2608 598 2685 primis
621 2616 691 2666 sunt
712 2624 791 2682 quae
813 2607 850 2664 de
870 2605 1059 2664 metallorum
1082 2607 1256 2665 condicione
1278 2615 1307 2665 et
1328 2607 1590 2666 administratione
1613 2608 1674 2666 uni-

341 2730 429 2772 versa
446 2710 516 2770 inde
535 2711 692 2769 desumere
712 2709 791 2768 licet.
828 2708 878 2766 Ad
898 2707 1068 2785 exemplum
1087 2727 1106 2766 a
1119 2709 1205 2787 regni
1219 2711 1399 2788 Aegyptiaci
1414 2711 1673 2771 administratione

341 2816 466 2892 petitum
480 2831 541 2873 non
556 2831 652 2888 pauca
673 2812 739 2870 eius
761 2811 879 2888 generis
901 2811 1040 2870 instituta
1062 2827 1131 2870 esse
1153 2812 1326 2872 observavit
1346 2812 1673 2890 Hirschfeldius1).

343 2917 460 2978 Deinde
487 2916 662 2975 mirabimur
690 2914 721 2972 in
741 2913 931 2972 metallorum
952 2913 1073 2972 illorum
1096 2913 1354 2974 administratione
1376 2915 1435 2975 iam
1458 2916 1614 2975 Romanos
1637 2916 1677 3004 si·⁸

339 3021 426 3080 milia
439 3020 501 3078 fere
517 3025 635 3078 secutos
658 3035 734 3090 csse,
757 3035 833 3092 quae
854 3017 950 3075 multa
970 3024 1041 3094 post
1064 3018 1186 3076 saecula
1206 3017 1264 3076 hac
1286 3017 1404 3077 demum
1426 3025 1523 3077 aetate
1545 3019 1675 3077 vidimus

341 3123 529 3183 reviviscere.
551 3120 595 3180 Ut
609 3139 626 3178 e
641 3119 771 3179 metallis
785 3120 858 3178 fisco
872 3119 1083 3197 imperatorive
1098 3119 1220 3193 reditus,
1236 3137 1313 3196 quos
1328 3139 1382 3196 per
1396 3119 1455 3180 duo
1470 3122 1576 3198 priora
1590 3141 1676 3181 aerae

342 3236 462 3285 nostrae
485 3222 605 3284 saecula
626 3224 760 3300 ingentes
778 3222 874 3282 fuisse
889 3227 1004 3281 certum
1020 3230 1074 3294 est,
1097 3241 1186 3299 quarn
1201 3223 1327 3282 maximi
1348 3232 1451 3282 essent
1464 3222 1677 3302 Hispaniaque

341 3329 534 3407 potissimum
555 3334 688 3385 maneret
709 3325 828 3401 qualem
849 3325 910 3382 iam
931 3325 1160 3402 praedicaverat
1179 3325 1406 3386 Posidonius
1429 3329 1550 3396 rapacior
1573 3325 1675 3404 ἡγεμο-

345 3424 404 3490 νίας
425 3420 604 3486 ἀνέκλειπτον
632 3424 755 3505 (Strabo
777 3426 871 3500 1112,
888 3427 931 3502 9),
966 3445 1125 3504 operarum
1156 3428 1188 3486 in
1224 3428 1300 3488 locis
1334 3428 1460 3488 desertis
1494 3437 1523 3487 et
1554 3430 1677 3489 incultis

343 3533 513 3610 degentium
540 3531 603 3590 vita
630 3537 659 3588 et
685 3531 783 3589 victus
812 3529 1015 3590 sublevandus
1043 3530 1161 3607 ipsique
1184 3549 1203 3588 a
1227 3531 1447 3610 negotiatorum
1477 3509 1677 3608 opificumque

343 3635 460 3696 iniuriis
483 3652 572 3711 quam
594 3633 725 3692 maxime
746 3632 917 3692 vindicandi
938 3633 997 3691 visi
1025 3641 1103 3692 sunt.
1147 3633 1314 3711 Propterea
1339 3654 1376 3692 ne
1398 3654 1417 3692 a
1437 3635 1563 3710 privatis
1588 3652 1678 3710 nego-

315 3809 319 3816 ,
344 3738 501 3798 tiatoribus
530 3755 607 3812 quae
636 3736 674 3793 ad
702 3737 813 3794 victum
844 3725 1051 3794 desiderantur
1078 3755 1175 3794 emere
1203 3743 1380 3813 cogerentur
1401 3737 1503 3812 qualia
1524 3737 1571 3794 illi
1594 3755 1679 3813 prae·

345 3849 425 3902 stare
446 3839 616 3899 voluissent
637 3839 804 3914 quibusque
832 3838 947 3913 pretiis,
971 3839 1202 3898 conductoribus
1231 3859 1264 3898 ea
1287 3840 1470 3916 praestanda
1489 3840 1679 3910 locabantur,

345 3953 378 4002 ut
396 3945 470 4002 fisco
492 3942 561 4002 inde
581 3941 698 4000 lucrum
719 3939 900 3999 redundaret
921 3941 1116 4017 hominesque
1131 3943 1302 4001 necessaria
1323 3949 1403 4001 recte
1422 3943 1592 4019 acciperent
1613 3962 1679 4020 pre-

334 4047 453 4123 tiisque
476 4045 647 4104 moderatis.
691 4043 858 4120 Propterea
885 4061 1001 4102 summa
1022 4063 1094 4103 cura
1119 4045 1225 4121 nequis
1248 4045 1326 4103 alius
1349 4045 1470 4121 negotia.
1491 4045 1679 4104 conductori-

345 4151 401 4208 bus
427 4153 583 4208 reservata
609 4147 667 4206 sibi
690 4153 820 4204 sumeret
847 4146 1008 4205 cavebatur
1033 4147 1065 4204 in
1092 4165 1205 4224 eosque
1232 4151 1282 4224 qui
1311 4146 1454 4206 adversus
1482 4167 1518 4206 ea
1545 4147 1680 4207 facerent

345 4269 455 4330 magna
477 4269 543 4309 curn
566 4249 724 4308 severitate
746 4247 1045 4308 animadvertebatur.

429 4352 560 4411 Ratione
586 4351 747 4409 admodum
775 4351 866 4410 simili
892 4353 943 4426 qui
969 4352 1001 4410 in
1023 4349 1181 4410 Britannia
1202 4353 1395 4428 potissimum
1416 4359 1446 4411 et
1466 4353 1498 4410 in
1520 4353 1680 4411 confoede-

346 4456 473 4515 rationis
492 4454 690 4513 Americanae
715 4451 885 4512 civitatibus
907 4473 961 4530 per
982 4453 1050 4512 loca
1071 4454 1187 4513 inculta
1211 4455 1276 4514 vias
1298 4455 1412 4515 ferreas
1434 4455 1584 4514 ducendas
1608 4456 1681 4513 alia·

347 4579 405 4638 que
425 4577 517 4634 opera
538 4556 675 4633 publicae
696 4555 834 4614 utilitatis
857 4555 1039 4630 perficienda
1061 4565 1113 4616 aut
1134 4557 1223 4614 etiam
1245 4557 1368 4616 metalla
1389 4557 1557 4616 exercenda
1580 4575 1681 4617 susce-

346 4668 463 4740 perunt,
491 4659 591 4737 operis
618 4660 657 4718 ad
684 4676 736 4717 cos
768 4657 888 4716 labores
916 4657 1086 4718 tolerandos
1115 4658 1269 4718 conductis
1297 4669 1327 4718 et
1353 4680 1370 4718 e
1396 4660 1558 4738 longinquo
1590 4679 1681 4738 saepe

346 4763 499 4824 arcessitis
522 4763 688 4821 mercedem
710 4760 868 4820 noluerunt
889 4761 1017 4838 pecunia
1039 4752 1166 4832 solvere,
1194 4780 1254 4837 qua
1275 4762 1313 4819 ad
1335 4763 1446 4822 victum
1468 4764 1644 4821 necessaria
1664 4779 1681 4819 a

348 4866 582 4944 negotiatoribus
604 4864 731 4940 privatis
746 4862 880 4921 maximo
902 4881 968 4920 cunr
990 4863 1180 4922 incommodo
1199 4865 1368 4941 damnoque
1389 4865 1449 4941 ipsi
1470 4866 1602 4942 operarii
1626 4864 1682 4923 sibi

348 4975 503 5043 pararent,
537 4967 591 5026 sed
618 4967 729 5026 victum
755 4965 855 5042 ipsum
881 4965 1055 5041 reliquaque
1082 4967 1253 5026 necessaria
1278 4967 1477 5044 praebuerunt
1502 4986 1556 5044 pro
1590 4966 1680 5026 certis

427 5258 450 5323 1)
492 5257 711 5329 Uutaactunqen
731 5278 754 5312 a.
769 5278 789 5313 s.
803 5278 835 5312 w.
857 5264 871 5312 1
894 5261 1067 5327 pastam.
1090 5263 1114 5310 1.
