3620 6050
599 611 651 660 nn
679 610 852 662 conronrs
878 610 961 662 vor..
983 613 1022 662 11.
1406 597 1475 666 197

146 799 321 868 paruerunt.
364 789 472 866 Itaque
503 787 558 846 illa
590 783 669 846 certe
703 792 799 844 aetate
832 786 982 848 civitatem
1004 786 1218 847 Vadiniensem
1250 789 1311 846 late
1343 790 1478 865 patuisse

146 893 340 954 statuendum
367 901 414 952 est
439 911 492 968 per
514 889 610 949 valles
633 889 663 948 iu
685 896 811 966 utroque
833 889 978 950 montium
1003 891 1098 950 latere
1121 896 1210 962 sitas3
1239 891 1376 950 solebant
1397 893 1477 950 enim

145 1005 252 1074 gentes
274 996 347 1055 illae
361 995 581 1072 gentilitatesve
603 993 757 1071 dispersae
774 993 908 1054 habitare
930 1011 984 1069 per
998 993 1083 1054 vicos
1105 1001 1134 1052 et
1155 1011 1260 1070 pagos,
1282 1013 1342 1052 non
1364 994 1395 1052 in
1417 995 1476 1052 sin-

146 1100 227 1177 gulis
250 1097 381 1176 oppidis.

712 1345 916 1354 -—-——-—

146 1615 206 1674 AD
234 1610 501 1674 PROVINCIAE
528 1611 584 1672 ET
612 1609 870 1672 CONVENTVS
897 1609 1252 1673 TARRACONENSIS
1281 1609 1373 1672 OAP.
1399 1611 1480 1671 XIII

713 1711 914 1774 BAROINO.

231 1905 336 1963 Muros
357 1903 492 1962 coloniae
508 1901 743 1960 Barcinonensis
759 1910 876 1962 veteres
897 1921 964 1962 oum
978 1903 1074 1980 portis
1094 1901 1158 1962 suis
1178 1903 1369 1980 turribusque
1383 1921 1479 1980 paene

147 2009 184 2067 ad
207 2009 300 2066 hosce
315 2007 379 2064 dies
402 2005 522 2064 stetisse
543 2006 677 2083 integros
693 2005 757 2065 dixi
772 2005 804 2064 in
818 2005 951 2065 bullatino
966 2005 1095 2064 instituti
1111 2006 1330 2082 arohaeologiei
1353 2025 1378 2062 a.
1399 2006 1478 2066 1860

147 2133 176 2189 p.
194 2112 307 2170 151ss.
352 2108 468 2168 Tamen
493 2108 568 2166 muri
597 2107 642 2166 illi
668 2107 772 2166 refecti
796 2109 929 2184 saepius,
955 2117 987 2166 ut
1008 2117 1240 2168 consentaneum
1263 2118 1318 2180 est,
1340 2129 1393 2186 per
1415 2128 1478 2168 sae-

146 2215 283 2272 culorum
299 2211 458 2270 decursum
478 2212 509 2269 in
531 2228 563 2269 se
578 2211 731 2269 continent
752 2210 867 2288 lapides
889 2212 1051 2289 inscriptos
1066 2212 1240 2289 permultos,
1263 2231 1302 2271 ex
1322 2211 1478 2290 sepulcris,

146 2335 224 2392 quae
245 2316 317 2374 olim
337 2315 375 2372 ad
390 2315 456 2373 vias
476 2313 603 2390 apertis
621 2313 799 2373 exeuntibus
818 2313 945 2387 fuerant,
968 2314 1006 2374 ad
1020 2332 1121 2374 muros
1136 2315 1312 2374 reficiendos
1328 2316 1476 2376 collectos.

145 2421 193 2478 Ita
207 2418 315 2476 accidit
332 2423 364 2474 ut
380 2415 547 2499 ubicunque
563 2417 639 2474 muri
654 2435 725 2492 pars
742 2417 843 2492 aliqua
860 2417 994 2490 diruitur,
1009 2427 1042 2476 ut
1056 2418 1141 2476 novis
1158 2417 1300 2477 aedificiis
1316 2419 1399 2478 loeus
1415 2419 1476 2492 fiat,

147 2521 293 2598 prodeant
305 2519 374 2577 inde
389 2519 468 2578 tituli
484 2519 591 2578 aetatis
607 2518 762 2578 Romanae
777 2538 838 2578 non
852 2520 949 2598 pauci.
982 2517 1042 2594 Qui
1056 2539 1135 2580 anno
1150 2521 1289 2596 proximo
1302 2522 1346 2579 ita
1360 2522 1478 2598 prodie-

145 2631 216 2683 runt
242 2622 323 2681 tituli
350 2621 486 2698 inseripti
511 2630 762 2698 monumentaque
784 2623 884 2700 operis
912 2623 1091 2682 tectonicis
1114 2623 1258 2682 societate
1280 2625 1409 2700 quadam
1432 2644 1477 2682 ar·

146 2727 352 2804 gentariorum
367 2723 420 2808 ¹(la
435 2723 581 2784 Sociedad
597 2722 744 2784 Catulario
762 2725 878 2800 penmal
897 2727 931 2784 da
949 2725 1084 2802 Credite),
1108 2727 1192 2785 ouius
1214 2727 1359 2786 aedificiis
1374 2745 1477 2791 murus

148 2837 281 2888 vetustus
316 2839 462 2898 cesserat,
495 2825 582 2886 inlati
615 2836 684 2886 sunt
715 2829 747 2884 in
779 2845 913 2886 museum
941 2827 1164 2888 Barcinonense
1191 2830 1290 2888 studio
1318 2830 1477 2903 laudabili3

147 2931 239 2990 edidit
261 2947 314 2990 eos
337 2948 405 2988 eum
427 2933 639 2988 commentario
662 2931 744 2988 brevi
767 2929 801 2988 P.
826 2930 941 2990 Fidelis
963 2930 1048 2989 Ilita
1073 2929 1110 2990 de
1137 2951 1170 2990 re
1192 2933 1384 3008 epigraphiea
1405 2933 1478 2994 His·

145 3055 226 3112 pana
252 3033 365 3110 optime
391 3036 513 3090 meritus
542 3051 733 3109 metensque;
762 3032 895 3092 eiusdem
925 3034 981 3092 riri
1008 3032 1160 3092 officiosae
1188 3034 1364 3094 liberalitati
1386 3036 1477 3094 debeo

146 3145 255 3215 ectypa
275 3136 432 3194 titulorum
453 3135 574 3192 illorum
597 3135 697 3194 omnia
718 3136 814 3212 perite
835 3136 923 3207 facta,
946 3155 1022 3212 quae
1038 3137 1219 3196 Aurelianus
1244 3135 1384 3196 Guerra
1405 3140 1479 3197 mihi

146 3238 325 3298 transmisit.
369 3236 465 3295 Tituli
498 3233 669 3314 quanquam
703 3238 884 3316 sepulcrales
919 3247 989 3296 sunt
1020 3239 1168 3315 plerique,
1202 3248 1300 3298 tamen
1331 3240 1414 3298 nolui
1447 3243 1478 3300 in

147 3342 267 3401 schedis
291 3357 343 3400 eos
366 3339 417 3398 diu
439 3339 543 3411 latere,
566 3359 632 3397 cum
654 3342 721 3418 ipso
743 3361 868 3400 numero
892 3360 947 3400 suo
966 3342 1198 3420 nominibusque
1221 3342 1426 3428 defunctorum
1449 3354 1479 3403 et

145 3443 284 3504 formulis
314 3443 473 3519 suppleant
500 3449 529 3500 et
555 3442 706 3502 illustrent
727 3460 790 3517 eos,
814 3463 888 3521 quos
912 3445 1008 3504 adhuc
1029 3445 1160 3503 indidem
1182 3445 1351 3519 habuimus,
1380 3446 1478 3506 editos

145 3549 215 3606 illos
243 3546 274 3604 in
304 3544 411 3602 vollI
433 3543 613 3604 n.4558ss
661 3545 710 3604 Ex
737 3567 798 3605 uno
826 3567 928 3606 eorum
956 3547 998 3624 (n.
1018 3547 1091 3623 175)
1118 3549 1208 3606 etiam
1235 3547 1311 3605 illud
1338 3547 1478 3609 discimus

144 3651 261 3726 lapides
285 3647 466 3724 sepulcrales
488 3648 602 3706 formae
624 3649 687 3707 eius
710 3650 866 3727 oblongae,
896 3651 1003 3726 quibus
1026 3649 1132 3708 mediis
1154 3650 1245 3708 loculi
1269 3651 1385 3710 cineres
1408 3669 1478 3710 oon·

145 3755 275 3811 tinentes
302 3751 430 3822 inerant,
457 3749 626 3809 Barcinone
652 3762 682 3810 et
708 3752 739 3810 in
765 3754 877 3812 vicinia
903 3754 1075 3828 frequenter
1102 3761 1261 3828 usurpatos
1290 3753 1384 3826 dictos
1411 3772 1477 3814 esse

147 3874 251 3932 ccpcs;
278 3871 406 3930 quocum
428 3853 548 3912 nomine
578 3853 759 3913 conferenda
781 3863 850 3914 sunt
871 3855 953 3914 dolia
973 3856 1027 3913 illa
1049 3854 1229 3930 sepulcralia
1251 3855 1340 3914 obvia
1361 3856 1393 3912 in
1414 3855 1477 3913 Lu-

147 3957 256 4017 sitania
278 3955 477 4014 meridionali.
521 3955 597 4015 Dixi
620 3956 656 4016 de
681 3975 825 4033 cuparum
853 3957 1055 4032 similiumque
1073 3953 1237 4015 ‘titulorum
1264 3957 1475 4034 sepulcralium

145 4061 242 4118 forma
264 4059 303 4117 ad
325 4055 537 4118 Saetabitanos
559 4059 804 4138 voluptas.

231 4161 326 4220 Tituli
353 4160 425 4219 editi
454 4167 525 4220 sunt
552 4182 570 4220 a
596 4161 667 4220 Fita
691 4163 722 4220 iu
750 4163 938 4240 ephemeride
964 4163 1181 4222 Barcinonensi
1207 4166 1315 4221 revicta
1341 4164 1477 4223 dieterico

147 4285 173 4324 a.
199 4264 278 4323 1876
306 4264 461 4322 mensibus
488 4263 653 4323 Februario
681 4264 724 4341 (u.
739 4265 850 4342 XXII)
877 4273 905 4324 et
926 4266 1007 4325 Maio
1034 4267 1076 4343 (n.
1092 4265 1201 4342 XXV)
1225 4266 1334 4325 additis
1358 4268 1396 4325 ad
1417 4287 1478 4326 me·

148 4368 240 4426 liores
263 4366 443 4443 imaginibus
464 4366 662 4444 lithograpbis
685 4378 822 4427 accurate
844 4367 948 4441 faetis3
972 4388 1027 4448 ego
1050 4368 1195 4446 descripsi
1217 4387 1256 4426 ex
1277 4370 1393 4448 ectypis
1414 4389 1475 4428 om-

146 4487 199 4529 nes
222 4469 309 4528 Fitae
330 4468 490 4527 lectionem
511 4469 541 4526 in
564 4471 722 4548 perpaucis
745 4480 859 4531 tantum
882 4473 1044 4551 corrigens.

144 4730 211 4790 too
235 4730 413 4802 Barcinone,
439 4749 479 4788 ex
506 4749 591 4790 muro
614 4705 720 4806 vetere,
743 4734 942 4812 fragmentum
963 4736 1085 4812 longum
1108 4753 1146 4792 m.
1170 4733 1251 4805 Ο.33,
1278 4732 1372 4791 altum
1394 4733 1477 4802 ort,

185 4835 293 4894 litteris
315 4833 403 4892 bonis
427 4833 541 4893 saeculi
562 4834 696 4895 alterius.

730 4991 746 5032 1.
769 5001 775 5018 ·
799 4990 888 5031 IVLI
931 5019 934 5027 .

764 5091 888 5134 IllllIVI

186 5221 256 5284 Fita
276 5223 296 5289 l,
314 5229 336 5270 S·
354 5232 378 5273 S·
402 5238 430 5295 p.
449 5217 516 5278 134.

191 5327 314 5390 seviros
338 5319 522 5397 Augustales
546 5321 786 5381 Barcinonenses
809 5319 869 5376 iam
890 5316 1028 5378 novimus
1056 5315 1179 5392 aIIquot.

1234 5419 1272 5475 14
