3632 6040
659 605 708 654 uu
728 604 856 656 saonis
875 605 967 655 oris.
1429 587 1475 656 59

229 779 276 835 Ac
299 777 427 853 primum
455 777 573 853 quidem
600 778 631 836 in
657 778 860 854 hemerologio
890 783 1009 836 vetusto
1031 777 1178 835 Pinciauo
1205 778 1267 836 sive
1292 781 1478 854 quadratarii

146 881 210 940 sive
233 880 299 938 eius
322 881 375 955 qui
397 879 558 956 descripsit
581 880 684 956 (periit
706 881 786 938 cuim
808 880 901 955 lapis)
924 899 1025 938 errore
1043 879 1238 955 Opiconsivia
1260 881 1319 939 diei
1342 879 1380 939 26
1396 884 1476 960 Aug.

145 983 305 1060 adsignata
332 1000 408 1052 esse,
439 1001 505 1040 cum
533 1001 592 1040 nou
620 989 745 1058 possent
772 1001 832 1040 non
860 982 1012 1058 adsignari
1039 983 1241 1056 antecedenti,
1269 985 1478 1042 animadvertit

148 1085 357 1144 Mommsenus
380 1081 429 1160 (Ο.
446 1083 471 1142 Ι.
487 1081 522 1140 L.
543 1085 556 1141 l
582 1102 611 1160 p.
626 1083 709 1160 298).
750 1085 828 1142 idem
852 1104 919 1143 cum
941 1084 1018 1142 dixit
1040 1091 1211 1160 corruptam
1232 1086 1390 1144 lectionem
1413 1101 1478 1146 oet-

146 1204 194 1247 cu)
218 1205 240 1244 Ν
263 1187 348 1262 (nam
371 1203 444 1244 sane
472 1185 635 1262 Optrtdpa)
658 1187 740 1244 luere
762 1187 860 1263 nulla)
883 1187 927 1246 sic
949 1187 1058 1246 debere
1079 1187 1194 1246 restitui

231 1287 270 1347 25
294 1305 310 1345 s
333 1287 461 1363 0r1c[1n]
484 1305 505 1346 Ν

146 1391 294 1467 siquidem
321 1391 436 1448 litteras
464 1389 598 1449 seclusas
626 1409 699 1450 casu
726 1391 836 1450 inlatas
861 1408 930 1449 esse
957 1391 1085 1466 putarit,
1119 1391 1191 1450 mihi
1220 1400 1299 1450 certe
1326 1412 1389 1452 rem
1417 1413 1478 1452 nou

145 1493 286 1568 probavit
308 1493 382 1551 satis
410 1492 603 1568 singularem.
647 1493 737 1550 immo
759 1493 789 1550 in
812 1493 868 1551 hac
890 1513 1010 1570 quoque
1031 1500 1116 1570 parte
1138 1495 1316 1570 scripturam
1340 1507 1413 1570 puto
1435 1495 1479 1553 ita

146 1611 269 1670 pessum
292 1594 392 1652 datam
416 1611 484 1652 esse
506 1603 539 1652 ut
560 1595 648 1652 etiam
672 1595 759 1670 periti
787 1614 845 1653 non
873 1606 1068 1672 agnoscerent
1094 1595 1176 1670 quod
1205 1596 1326 1654 dederat
1348 1597 1477 1672 quadra-

144 1697 239 1755 tarius

231 1797 310 1857 2512

231 1899 310 1958 2612

147 2010 176 2058 et
199 2001 351 2060 difficilem
380 2003 460 2062 lectu
485 2003 580 2062 fuisse
609 2005 786 2079 scripturam
813 2013 960 2062 monstrat
992 2014 1132 2082 corrupta
1158 2005 1211 2063 illa
1240 2006 1298 2065 diei
1327 2005 1408 2084 Sept.
1438 2006 1475 2064 22

146 2112 228 2176 nota,
251 2104 304 2163 ubi
326 2106 468 2163 traditum

231 2224 270 2282 22
293 2225 353 2284 Ac
366 2224 450 2267 nanc
465 2224 640 2266 sumuntur

333 1867 403 1910 091·
417 1865 489 1908 OPlC
501 1880 507 1894 ·
521 1865 542 1906 Ν

145 2328 174 2385 iu
197 2347 233 2386 ea
256 2328 335 2386 sacri
357 2329 492 2405 alioquin
514 2329 609 2405 ignoti
632 2329 816 2401 memoriam,
838 2329 935 2405 qualis
951 2338 998 2388 est
1013 2331 1135 2388 alterius
1151 2331 1273 2406 ascripti
1288 2331 1327 2389 ad
1343 2330 1381 2388 24
1398 2332 1476 2409 Aug.

146 2429 248 2488 Lunae
270 2433 301 2487 iu
327 2429 549 2507 Graecoc(tosi),
572 2432 665 2490 latere
688 2439 822 2508 apparet.
866 2431 902 2489 de
928 2452 960 2489 re
982 2450 1107 2508 prorsus
1133 2435 1263 2490 obscura
1284 2433 1353 2492 licet
1375 2435 1478 2510 opina-

147 2532 243 2590 tiones
266 2551 434 2607 proponere
455 2533 589 2610 iniquum
611 2535 659 2604 sit,
683 2541 782 2592 tamen
806 2534 963 2593 videndum
987 2553 1025 2592 an
1046 2535 1120 2592 talia
1140 2533 1259 2612 possint
1280 2535 1395 2594 restitui

231 2651 269 2709 ῃ
293 2652 353 2711 Ac
365 2651 461 2695 nanc·
471 2638 558 2695 lllan·
567 2653 660 2694 naara

148 2755 201 2813 sed
222 2755 298 2813 haec
320 2763 386 2813 utut
412 2765 482 2814 sunt
501 2789 539 2799 —
560 2775 657 2832 neque
685 2757 762 2816 enim
791 2759 950 2835 quicquam
977 2758 1092 2816 faciunt
1118 2759 1157 2816 ad
1183 2777 1244 2817 rem
1271 2766 1404 2816 nostram
1435 2759 1477 2817 di-

146 2856 336 2916 iudicandam
355 2891 396 2899 —
419 2858 476 2917 hoc
498 2877 619 2934 quaero,
642 2859 770 2936 primunr
793 2868 910 2919 rectene
933 2869 973 2933 tu,
1001 2865 1046 2917 vir
1068 2861 1187 2938 optime,
1211 2871 1332 2919 auctore
1354 2861 1478 2920 Momm-

149 2979 222 3018 seuo
245 2960 290 3037 (p.
306 2959 366 3018 408
383 2960 423 3036 s.)
452 2961 593 3019 statueris
617 2961 822 3037 Opicousiviis
845 2963 873 3020 d.
898 2961 935 3021 25
958 2963 1037 3038 Aug.
1061 2971 1089 3020 et
1110 2962 1260 3039 Opalibus
1288 2963 1316 3021 d.
1343 2964 1379 3021 19
1405 2963 1477 3022 Dec.

147 3079 264 3120 sacrum
287 3063 397 3120 factum
421 3081 488 3121 esse
511 3064 548 3120 ad
571 3064 672 3122 aedem
697 3061 817 3123 Saturni
841 3071 870 3122 et
894 3062 983 3140 Opis,
1013 3082 1138 3140 eamque
1165 3064 1266 3123 aedem
1288 3065 1319 3123 in
1342 3063 1480 3124 Vallensi

146 3165 350 3242 hemerologio
374 3165 463 3222 modo
486 3167 527 3222 ud
544 3167 647 3240 sorum
669 3165 722 3240 (19
745 3165 833 3240 Dec.)
863 3165 951 3224 modo
973 3170 1003 3224 iu
1027 3167 1169 3242 Capitolio
1198 3165 1252 3242 (25
1275 3166 1369 3244 Aug.)
1392 3167 1480 3226 sitam

147 3285 214 3324 esse
237 3267 310 3337 dici;
335 3267 443 3325 deinde
464 3267 538 3342 quid
561 3269 601 3326 sit
623 3269 705 3343 quod
726 3268 961 3344 hemerologium
984 3269 1140 3327 Arvalium
1166 3269 1238 3328 bina
1265 3277 1383 3344 praeter
1405 3269 1480 3346 Opi-

147 3369 282 3427 cousivia
304 3387 391 3428 sacra
412 3387 514 3427 mense
537 3371 678 3446 Augusto
701 3370 761 3447 Opi
784 3371 901 3430 videtur
927 3371 1088 3430 attribuere
1115 3372 1244 3430 alterum
1267 3370 1409 3450 Opiferae
1431 3373 1480 3430 die

146 3471 344 3542 antecedenti,
367 3471 499 3530 alterum
516 3470 730 3548 Opiconsiviae
752 3473 800 3532 die
821 3473 1006 3549 insequenti:
1037 3493 1104 3532 nam
1131 3473 1174 3531 ita
1200 3493 1247 3530 me
1274 3474 1385 3552 lapidis
1407 3475 1480 3532 ima-

145 3573 245 3649 ginem
273 3593 291 3632 a
318 3581 347 3631 te
374 3573 446 3634 olim
473 3581 730 3651 repraesentatam
756 3583 836 3634 recte
872 3576 1062 3651 interpretari
1089 3593 1149 3634 uon
1177 3575 1281 3635 dubito
1308 3578 1381 3652 quin
1407 3595 1480 3634 mox

146 3675 345 3734 concesseris.

229 3781 260 3835 A
283 3778 402 3836 nomine
424 3777 509 3837 aedis
532 3787 565 3836 ut
586 3778 744 3855 incipiam,
772 3797 831 3837 nou
853 3797 979 3854 possum
1002 3799 1062 3838 non
1084 3780 1213 3856 probare
1235 3799 1338 3838 eorum
1362 3788 1479 3839 senten·

147 3881 219 3938 tiam
246 3880 299 3955 qui
321 3881 423 3938 aedem
446 3880 476 3938 in
499 3879 651 3958 Capitolio
674 3881 783 3942 factam
807 3881 844 3938 ab
868 3881 939 3939 aede
962 3882 998 3940 ad
1021 3882 1119 3940 forum
1143 3882 1202 3939 sita
1224 3899 1349 3957 prorsus
1372 3881 1479 3940 discre-

146 3989 262 4040 verunt.
307 3981 436 4056 primum
458 3983 537 4040 enim
560 4001 637 4060 nego
664 3983 752 4041 unius
781 3984 974 4060 eiusdemque
1000 3984 1192 4060 hemerologii
1216 3984 1360 4042 editorem
1384 3984 1479 4042 diver-

145 4085 188 4142 sis
211 4083 417 4161 cognomentis
441 4102 526 4142 usum
550 4103 615 4143 esse
638 4103 727 4159 posse
749 4085 839 4144 credi.
884 4104 944 4161 qua
967 4087 1004 4145 de
1031 4107 1063 4144 re
1090 4105 1162 4144 sane
1185 4085 1279 4144 decidi
1301 4106 1360 4144 nou
1381 4094 1481 4164 potest

146 4187 206 4244 nisi
234 4185 409 4262 compositis
436 4186 572 4244 locorum
601 4205 677 4262 quae
704 4189 736 4245 in
764 4189 975 4266 hemerologiis
1008 4198 1278 4248 commemorantur
1309 4189 1480 4249 nominibus

146 4287 311 4347 universis:
350 4288 473 4346 exhibui
500 4289 593 4364 igitur
621 4289 775 4347 elenchum
803 4309 906 4350 eorum
932 4292 1052 4375 plenum
1082 4293 1183 4368 itaque
1206 4293 1386 4370 dispositum
1409 4303 1482 4350 uta

148 4387 301 4466 Capitolio
323 4389 449 4466 foroque
472 4408 559 4448 orsus
577 4387 750 4450 Servianum
775 4393 890 4466 urbem,
914 4394 981 4453 dein
1001 4414 1078 4471 quae
1100 4402 1187 4452 extra
1208 4413 1309 4454 muros
1331 4396 1389 4454 sita
1411 4404 1482 4454 sunt

146 4501 324 4568 persecutus
348 4493 413 4550 sim.
