3632 6040
839 589 1117 640 ADDITAMENTA

398 766 511 842 Accepi
540 765 673 824 tabulam
702 771 839 822 accurate
868 763 1047 840 descriptam
1078 764 1259 840 plumboque
1289 773 1446 841 praeterea
1473 783 1658 842 expressam

316 869 462 930 beneficio
485 867 659 944 Wolfgangi
681 865 816 942 Helbigii
839 866 973 924 abactis
996 866 1123 924 instituti
1147 867 1253 937 nostri,
1281 866 1366 924 cuius
1389 866 1559 926 indefessae
1582 887 1658 927 ocu·

315 973 454 1049 lataeque
476 969 641 1029 industriae
663 977 782 1046 praeter
804 969 1045 1045 archaeologiam
1061 977 1205 1045 quantum
1227 969 1403 1046 epigraphis
1424 969 1541 1042 debeat,
1565 979 1657 1048 grato

318 1076 418 1134 animo
447 1072 595 1132 recordor.
639 1070 822 1130 Litterarum
855 1071 1077 1130 dimidiatarum
1110 1091 1176 1130 cum
1206 1073 1287 1130 iusta
1316 1080 1425 1149 ectypa
1452 1072 1534 1130 nullo
1563 1074 1658 1131 modo

243 1203 247 1210 ·
316 1177 419 1256 pertici
447 1182 583 1254 possent,
613 1171 825 1234 Gamurrinius
850 1173 896 1231 vir
924 1173 1109 1232 clarissimus
1137 1192 1204 1232 mea
1231 1192 1324 1234 causa
1353 1175 1578 1235 accuratissime
1600 1193 1659 1234 eas

318 1279 446 1358 excepit.
639 1341 642 1348 ,

400 1380 565 1458 Exemplar
586 1381 644 1438 hoc
666 1397 732 1437 eum
756 1387 844 1436 antea
869 1378 949 1436 notis
976 1388 1009 1436 ut
1030 1385 1109 1437 recte
1131 1379 1311 1452 conferatur,
1339 1380 1467 1456 primum
1491 1380 1659 1440 videndum

319 1493 374 1556 est,
398 1484 483 1542 cuius
506 1483 614 1542 aetatis
637 1483 689 1552 sit;
718 1499 786 1540 esse
813 1487 912 1539 autem
939 1499 978 1538 cx
1005 1481 1222 1558 antiquissimis
1248 1481 1337 1540 huius
1359 1483 1478 1558 generis
1501 1502 1577 1558 quae
1600 1486 1660 1542 ha·

318 1591 453 1658 beamus,
477 1586 523 1644 vel
546 1583 779 1660 orthographica
800 1582 971 1653 ostendunt,
995 1583 1070 1641 laedi
1090 1584 1165 1658 Apr.
1184 1585 1315 1642 14-19.
1340 1583 1463 1642 28-30
1487 1593 1516 1644 et
1534 1587 1661 1662 Veia(a-

321 1689 377 1765 llo)
400 1690 475 1766 Apr.
493 1687 541 1746 23.
585 1687 625 1744 Et
647 1685 831 1763 publicatum
855 1685 975 1762 quidem
1002 1703 1069 1744 esse
1097 1694 1167 1760 post
1189 1705 1216 1743 a.
1241 1685 1299 1743 745
1328 1687 1478 1762 colligitur
1500 1707 1539 1745 ex
1561 1689 1662 1748 adno-

320 1792 432 1850 tatione
454 1791 491 1847 ad
513 1790 575 1848 Ian.
594 1789 647 1861 30;
676 1799 744 1846 ante
772 1807 859 1864 quem
887 1806 997 1844 annum
1026 1787 1172 1864 scriptum
1201 1788 1240 1846 sit
1267 1797 1348 1846 certa
1373 1790 1490 1846 ratione
1519 1790 1663 1848 determi-

320 1894 385 1952 nari
407 1912 468 1951 non
490 1899 600 1969 potest,
629 1911 696 1949 cum
723 1909 821 1966 neque
847 1909 885 1948 ex
913 1889 1033 1948 silentio
1056 1890 1322 1966 argumentandum
1354 1891 1510 1967 sitneque
1533 1911 1569 1950 ex
1593 1893 1662 1951 die-

320 2017 386 2054 rum
413 1995 492 2054 notis
520 2003 643 2072 propter
669 1994 816 2051 rationem
844 2011 945 2051 earum
976 1991 1008 2048 in
1040 1993 1098 2050 hoc
1125 1993 1264 2068 exemplo
1298 1993 1493 2071 singularem,
1527 1995 1563 2052 de
1596 2013 1663 2070 qua

322 2103 425 2156 statim
448 2098 571 2156 dicetur.

403 2200 530 2258 Dierum
553 2206 641 2258 notae
664 2217 682 2255 a
703 2197 867 2256 Maffeiano
889 2195 960 2254 huic
981 2215 1019 2254 ex
1042 2197 1228 2274 plenioribus
1251 2207 1385 2274 tempore
1411 2199 1549 2275 proximo
1572 2201 1663 2260 diffe-

321 2311 392 2361 runt
413 2308 526 2378 septem
548 2301 616 2372 hae,
638 2308 670 2358 ut
692 2319 754 2358 non
775 2317 964 2358 numeremus
986 2299 1051 2356 Ian.
1072 2299 1118 2371 15,
1142 2300 1192 2357 ubi
1215 2316 1244 2356 Ν
1267 2309 1314 2358 est
1335 2301 1366 2357 in
1382 2299 1548 2360 Caeretano
1572 2311 1604 2360 ut
1627 2308 1661 2360 in

324 2405 392 2464 aliis
416 2422 488 2462 casu
510 2403 656 2462 omissum
677 2403 709 2460 in
731 2401 902 2461 Maffeiano.

409 2509 434 2562 l.
477 2505 543 2563 Ian.
568 2506 607 2563 30
632 2505 681 2563 hic
696 2504 833 2580 s(oatus)
861 2513 916 2576 est,
944 2511 977 2562 nt
1003 2503 1080 2560 diem
1108 2503 1204 2562 luisse
1230 2504 1300 2562 inde
1322 2505 1551 2582 collegeramus
1574 2510 1661 2583 quod

324 2621 370 2666 est
390 2608 467 2666 inter
488 2593 590 2666 decem
613 2627 631 2666 a
653 2605 786 2666 Caesare
813 2606 851 2664 ad
880 2625 989 2664 annum
1012 2604 1129 2664 additos
1158 2607 1254 2665 fastos
1278 2625 1398 2678 omnes3
1427 2608 1480 2665 sed
1507 2609 1591 2668 feriis
1614 2611 1663 2669 in-

325 2711 438 2769 stitutis
465 2729 491 2767 a.
516 2711 576 2769 745
604 2717 675 2768 nota
703 2709 863 2766 substituta
886 2717 932 2765 est
953 2725 992 2780 Ν,
1014 2727 1101 2784 quam
1130 2709 1242 2766 habent
1263 2717 1293 2766 et
1313 2709 1467 2768 Maffeiani
1490 2711 1574 2784 (licet
1596 2733 1663 2771 cor·

320 2822 442 2888 ¹ruptam
470 2812 500 2869 in
527 2811 564 2887 Ν)
592 2820 622 2870 et
649 2809 850 2870 Praenestini.
895 2808 1053 2869 Caeretani
1082 2812 1235 2887 antiquam
1261 2820 1363 2869 notam
1395 2812 1533 2886 retinent,
1566 2815 1663 2875 ferias

324 2925 423 2973 tamen
450 2913 636 2985 adscribunt3
670 2914 751 2990 quod
778 2931 844 2971 cum
874 2913 976 2971 redeat
1001 2913 1081 2971 infra
1107 2912 1195 2972 Mart.
1219 2912 1256 2970 27
1285 2897 1417 2991 ΝἈῙΝ.
1442 2913 1496 2988 28,
1528 2917 1601 2976 fasti
1631 2919 1664 2977 hi

325 3024 470 3094 perpetuo
501 3035 566 3074 eam
590 2999 688 3093 legem
711 3016 849 3074 videntur
871 3016 966 3074 secuti
987 3033 1064 3087 esse,
1088 3025 1120 3072 ut
1142 3017 1282 3092 autiquae
1308 3015 1422 3074 dierum
1445 3027 1534 3076 notae
1556 3038 1664 3095 quam-

326 3139 415 3197 quam
442 3127 550 3196 postea
577 3125 709 3177 mutatae
736 3117 819 3176 feriis
850 3117 989 3189 adiectis,
1016 3117 1211 3176 nihilominus
1238 3118 1446 3177 retinerentur.
1497 3121 1606 3198 Itaque
1638 3125 1665 3182 si

326 3224 408 3301 pleni
434 3229 536 3281 esseut
557 3221 628 3279 fasti
650 3221 690 3291 hi,
721 3240 759 3278 ex
781 3219 885 3278 diebus
909 3220 1076 3290 duodecim,
1103 3237 1229 3295 quorum
1252 3221 1381 3298 pristina
1403 3223 1539 3282 condicio
1563 3225 1664 3283 adhuc

326 3327 519 3402 ignorabatur
542 3322 585 3400 (p.
602 3322 688 3398 366),
710 3341 770 3380 non
793 3323 868 3380 duos
890 3330 1006 3380 tantum
1028 3323 1242 3399 explevissent,
1267 3323 1319 3382 sed
1342 3342 1454 3382 omnes.

411 3425 439 3484 2.
484 3425 573 3484 Febr.
590 3424 625 3483 2]
653 3425 807 3483 Feralium
829 3425 894 3484 dies
917 3425 966 3483 hic
987 3432 1109 3483 notatur
1131 3441 1163 3481 F·
1182 3441 1212 3498 r,
1236 3445 1302 3483 cuin
1325 3443 1346 3483 Ν
1370 3426 1409 3485 sit
1430 3427 1463 3484 in
1488 3427 1662 3488 Maffelano.

326 3531 387 3589 Illa
408 3538 479 3587 nota
500 3545 565 3585 Μ
587 3528 659 3586 item
686 3527 839 3604 adscripta
864 3534 909 3586 est
934 3527 967 3585 in
995 3527 1081 3584 fastis
1107 3526 1155 3584 his
1178 3527 1216 3584 ad
1242 3529 1320 3586 diem
1342 3528 1496 3587 Vinalium
1518 3531 1592 3605 Apr.
1613 3531 1663 3604 23,

328 3633 380 3708 qui
406 3637 437 3689 in
459 3631 629 3688 Maffeianis
658 3637 760 3688 notam
788 3630 877 3688 habet
897 3646 938 3700 re,
960 3629 992 3686 in
1014 3629 1220 3688 Praenestinis
1243 3647 1269 3688 F.
1315 3630 1452 3705 Denique
1474 3631 1596 3690 Vinalia
1620 3635 1664 3692 al·

328 3743 395 3794 tera
415 3735 493 3810 Aug.
521 3733 556 3791 19
580 3732 611 3790 in
633 3731 803 3790 Maffeianis
847 3731 1104 3806 Amiterninisque
1127 3740 1268 3790 notantur
1291 3749 1369 3804 Μ,
1392 3734 1424 3791 in
1447 3735 1614 3794 Antiatinis
1638 3752 1664 3806 Ρ,

329 3839 361 3896 in
386 3835 581 3895 Vallensibus
605 3850 644 3892 re.
688 3833 778 3908 Quod
801 3833 873 3892 olim
896 3834 932 3892 de
959 3853 995 3892 ea
1020 3841 1093 3892 nota
1114 3833 1177 3892 dixi
1201 3834 1304 3909 (vol.I
1324 3855 1353 3912 p.
1372 3835 1445 3910 367)
1469 3837 1664 3912 significatio·

328 3960 397 3998 nem
419 3939 563 3996 incertam
590 3955 666 4006 esse,
696 3935 790 3994 videri
816 3945 915 3994 autem
942 3937 1090 4012 pertinere
1118 3937 1155 3994 ad
1183 3937 1421 3996 coniunctionem
1450 3937 1509 3996 diei
1534 3939 1606 3998 fasti
1636 3947 1664 3996 et

328 4043 472 4100 feriarum
495 4039 639 4110 laetitiae,
663 4039 690 4096 ei
712 4038 792 4115 quod
814 4038 922 4096 addam
944 4057 982 4096 ne
1004 4058 1083 4097 nunc
1104 4040 1222 4116 quidem
1244 4041 1350 4098 habeo.

415 4145 443 4200 3.
487 4142 575 4200 Mart.
601 4142 638 4200 19
669 4139 910 4217 Quinquatruum
942 4140 1005 4199 dies
1038 4141 1087 4200 hic
1119 4149 1241 4200 notatur
1263 4157 1302 4213 Ν,
1332 4151 1365 4200 ut
1392 4150 1438 4201 est
1461 4143 1493 4200 in
1515 4143 1663 4203 Vaticano

332 4246 365 4321 (Ν
391 4243 530 4318 Praen.);
554 4261 575 4300 N
598 4245 696 4302 estin
718 4243 888 4314 Maffeiano,
910 4261 993 4300 mero
1016 4261 1116 4302 errore
1139 4244 1254 4318 opinor.

351 4375 356 4386 ·
415 4349 444 4404 4.
488 4345 574 4403 Mart.
592 4344 630 4404 27
654 4345 806 4421 antiquam
827 4354 929 4405 notam
951 4363 967 4403 s
989 4365 1068 4404 nunc
1084 4347 1201 4404 demum
1223 4347 1464 4422 recuperavimus
1473 4368 1481 4418 ;
1503 4369 1573 4407 nam
1589 4367 1664 4426 quae

332 4449 431 4508 estin
451 4447 621 4506 Maffeianis
644 4465 683 4518 Ν,
712 4468 778 4508 eam
801 4457 882 4524 patet
904 4448 1085 4508 descendere
1108 4469 1145 4506 ex
1171 4449 1253 4506 feriis
1275 4449 1469 4508 Alexandrea
1491 4469 1509 4506 a
1532 4449 1664 4510 Caesare

334 4552 480 4610 dictatore
500 4560 622 4628 recepta
643 4551 788 4609 institutis
811 4569 837 4608 a.
856 4551 925 4608 707.
969 4551 1150 4626 Adscriptae
1174 4557 1271 4610 autem
1294 4559 1364 4610 sunt
1385 4551 1417 4609 in
1438 4551 1525 4610 fastis
1546 4553 1594 4611 his
1617 4552 1665 4610 hio

333 4670 452 4730 quoque
473 4653 565 4710 feriae
587 4671 682 4710 novae
702 4661 818 4711 retenta
839 4659 911 4711 nota
933 4653 992 4711 diei
1014 4653 1137 4730 antiqua
1159 4653 1262 4728 (aad
1284 4653 1348 4711 Ian.
1373 4655 1455 4730 30).·

419 4756 446 4812 5.
491 4757 566 4832 Apr.
592 4755 628 4812 19
653 4755 716 4814 dies
739 4752 901 4812 Cerialium
924 4771 946 4811 Ν
968 4763 1087 4814 notatus
1114 4775 1215 4814 errore
1237 4757 1344 4832 opinor
1371 4757 1403 4814 in
1425 4757 1594 4816 Maffeianis
1617 4755 1664 4812 hic

335 4865 382 4916 est
404 4873 442 4914 Ν.

419 4959 447 5017 6.
491 4959 566 5034 Apr.
591 4957 629 5015 23
654 4957 721 5016 vide
742 4977 819 5034 quae
842 4958 905 5016 dixi
928 4961 967 5018 ad
990 4959 1075 5018 Febr.
1100 4959 1148 5018 21.

420 5061 447 5118 7.
491 5062 568 5136 Apr.
592 5059 630 5120 28
655 5061 777 5136 antiqua
793 5069 864 5120 nota
879 5079 893 5119 c
909 5063 958 5120 hic
976 5063 1118 5120 remansit
1134 5082 1172 5120 ex
1187 5063 1310 5140 reliquis
1325 5063 1413 5122 fastis
1431 5063 1527 5137 (staff.
1542 5058 1662 5133 Praen.)

338 5162 466 5240 expulsa
487 5170 609 5239 propter
630 5163 720 5220 ferias
743 5182 769 5220 a.
794 5162 852 5220 742
875 5164 1028 5222 institutas
1052 5165 1138 5240 signo
1154 5164 1267 5224 Vestae
1289 5166 1320 5222 in
1342 5166 1430 5223 domo
1453 5164 1593 5224 Caesaris
1617 5163 1662 5220 de·

337 5264 445 5323 dicato.
490 5263 530 5322 Et
552 5282 604 5322 cae
626 5273 725 5322 tamen
747 5263 839 5324 feriae
860 5266 891 5324 in
912 5268 994 5325 hisce
1016 5267 1103 5326 fastis
1125 5267 1310 5345 perscriptae
1332 5276 1410 5325 sunt.
1591 5261 1600 5276 '
