3614 6054
488 635 788 689 ossnnvmuonss
815 635 1103 688 umensrnroan.
1390 615 1463 686 325

132 814 175 872 cis
202 820 254 871 aut
280 811 435 870 brevitatis
458 811 559 871 studio
581 819 633 870 ant
655 810 721 870 sola
742 809 932 888 neglegentia
953 811 983 868 in
1008 811 1108 887 priore
1129 810 1307 886 praeteritis.
1350 809 1468 871 Benefi-

132 917 245 974 ciorum
274 921 325 972 aut
352 931 370 970 a
398 911 529 972 Gamala
556 915 586 972 iu
612 913 756 991 populum
784 923 836 971 aut
863 931 881 970 a
906 913 1018 990 populo
1044 913 1075 970 in
1108 909 1266 972 Gamalam
1294 912 1467 972 collatorum

132 1034 240 1094 parum
262 1023 344 1074 certa
365 1016 550 1093 comparatio
573 1028 629 1089 est,
652 1035 719 1074 cum
741 1015 890 1092 posterior
911 1015 1016 1074 titulus
1037 1015 1070 1074 in
1091 1015 1149 1074 fine
1171 1015 1295 1074 mutilus
1317 1017 1356 1074 sit
1377 1034 1468 1091 quae·

131 1139 190 1198 que
213 1139 317 1179 eorum
338 1118 420 1196 prior
447 1118 530 1177 solus
559 1119 649 1178 babet
677 1119 708 1176 in
730 1119 895 1194 posteriore
918 1136 1036 1194 quoque
1063 1117 1127 1177 fieri
1154 1117 1250 1194 possit
1278 1123 1310 1176 ut
1338 1135 1396 1176 non
1418 1119 1469 1178 de-

131 1222 259 1293 fuerint3
288 1228 442 1298 praeterea
468 1221 556 1280 facile
579 1221 768 1280 admittemus
796 1241 835 1279 ex
859 1221 950 1298 longo
972 1220 1025 1278 illo
1048 1219 1152 1278 ordine
1174 1219 1234 1278 alio
1255 1227 1388 1296 tempore
1411 1221 1474 1281 alia'

130 1325 247 1383 selecta
268 1341 344 1382 esse.
389 1322 593 1383 Honorarium
621 1342 687 1383 esse
715 1333 873 1400 utrumque
901 1323 1019 1382 titulum
1047 1331 1188 1400 apparet3
1218 1323 1271 1381 sed
1297 1341 1394 1400 neque
1420 1324 1470 1382 ubi

135 1427 207 1484 olim
230 1426 366 1486 steterint
388 1445 443 1484 nec
465 1427 587 1502 quinam
611 1427 767 1503 posuerint
788 1446 828 1484 ex
849 1425 924 1502 ipsis
946 1425 1137 1502 intellegitur,
1160 1444 1230 1484 nam
1246 1443 1323 1501 quae
1343 1443 1471 1484 comme-

133 1539 290 1588 morantur
304 1527 421 1587 statuae
445 1528 488 1605 (Α
504 1529 637 1588 36-43.
659 1529 685 1587 B
703 1527 841 1603 28-30)
863 1529 968 1587 titulos
987 1527 1051 1588 sine
1067 1528 1157 1587 dubio
1179 1528 1349 1587 habuerunt
1370 1529 1407 1586 ab
1422 1528 1470 1586 his

134 1633 282 1690 diversos.
325 1631 471 1690 Fortasse
489 1630 635 1692 Gamales
657 1631 773 1710 effigies
795 1640 865 1708 post
886 1631 999 1690 obitum
1021 1630 1141 1707 publice
1162 1631 1299 1706 pluribus
1321 1631 1397 1690 locis
1420 1651 1478 1694 ex·.

133 1735 236 1811 posita
258 1740 305 1792 est
326 1733 493 1811 subscripto
515 1735 603 1793 titulo
626 1735 698 1794 alibi
721 1734 807 1793 aliter
829 1741 982 1811 concepto.

221 1837 272 1895 Ad
294 1835 524 1913 dispositionem
552 1836 632 1912 quod
660 1836 774 1910 attinet,
801 1837 931 1896 honores
960 1844 990 1894 et
1017 1837 1186 1896 sacerdotia
1212 1836 1401 1914 praecedunt,
1425 1855 1471 1896 se-

135 1945 270 2015 quuntur
296 1939 492 1999 liberalitates
520 1946 549 1997 et
576 1939 655 1998 dona
680 1959 699 1996 a
728 1937 856 1998 Gamala
888 1941 919 1997 in
945 1959 1007 1996 rem
1036 1938 1185 2014 publicam
1215 1940 1326 1998 collata
1352 1947 1382 1997 et
1408 1939 1472 1998 vioe

135 2061 233 2102 versa.
278 2040 419 2100 Honores
441 2050 635 2101 recensentur
651 2041 715 2101 siue
731 2041 821 2099 dubio
836 2042 873 2100 ad
889 2042 1023 2101 ordinem
1041 2041 1199 2118 temporis3
1222 2042 1391 2102 sacerdotia
1413 2062 1473 2119 qua

134 2145 252 2202 ratione
280 2161 374 2220 eaque
401 2145 523 2204 diversa
548 2145 713 2204 honoribus
741 2144 975 2222 interponantur,
1001 2163 1107 2221 parum
1134 2144 1237 2221 liquet.
1281 2144 1472 2223 Largitiones

136 2246 236 2324 magis
265 2265 303 2304 ex
330 2265 362 2304 re
391 2265 480 2322 quam
503 2266 542 2304 ex
563 2254 697 2325 ternpore
720 2247 886 2322 dispositae
913 2265 981 2305 esse
1004 2245 1142 2304 videntur
1168 2247 1299 2307 maxime
1326 2247 1358 2305 in
1385 2247 1472 2306 titulo

135 2349 252 2423 priore;
280 2349 323 2406 ita
348 2349 411 2407 ludi
438 2349 595 2426 incipiunt,
621 2350 764 2427 quoniam
790 2350 1031 2428 magistratuum,
1058 2348 1188 2408 fortasse
1215 2349 1304 2409 etiam
1334 2351 1473 2409 sacerdo-

135 2451 246 2510 tiorum
274 2459 426 2528 tamquam
453 2452 645 2512 corollarium
673 2461 752 2524 sunt,
782 2452 945 2529 iunguntur
971 2451 1091 2526 epulum
1118 2459 1148 2509 et
1176 2452 1312 2528 prandia,
1340 2453 1474 2529 pondera

134 2563 165 2612 et
187 2571 358 2626 mensurae,
381 2554 470 2614 aedes
492 2555 673 2614 constitutae
694 2556 896 2627 restitutaeve,
919 2553 1047 2629 denique
1071 2561 1187 2614 statuae
1209 2574 1228 2613 a
1248 2564 1334 2632 grato
1361 2555 1473 2633 populo

139 2655 288 2715 Gamalae
311 2656 474 2716 dedicatae.
521 2657 581 2718 Sed
603 2658 763 2735 dispositio
787 2658 812 2716 si
835 2676 894 2733 qua
915 2656 979 2726 fuit,
1003 2663 1081 2716 certe
1098 2675 1163 2715 eam
1185 2675 1245 2715 non
1268 2657 1358 2717 anxie
1380 2658 1473 2734 scrip-

136 2767 220 2818 tores
242 2759 444 2830 retinuerunt3
466 2760 509 2818 ita
530 2760 560 2818 in
576 2760 676 2838 priore
692 2761 816 2819 aedibus
838 2761 1070 2835 interponuntur
1091 2760 1234 2835 pondera,
1256 2760 1287 2816 iu
1306 2759 1473 2837 posteriore

137 2861 228 2920 aedes
251 2871 440 2936 separantur,
467 2863 538 2920 item
565 2881 637 2922 cura
662 2863 807 2938 pecuniae
834 2863 970 2940 publicae
997 2881 1057 2921 non
1079 2863 1109 2920 iu
1131 2862 1358 2941 magistratibus
1381 2862 1474 2920 collo·

137 2971 235 3034 catur,
262 2964 316 3022 sed
342 2965 437 3022 obiter
461 2972 643 3024 memoratur
670 2974 792 3043 propter
819 2983 938 3024 sacrum
965 2965 1133 3024 aedificium
1160 2984 1214 3042 per
1242 2984 1307 3024 eam
1331 2983 1472 3024 curama

138 3064 270 3126 Gamala
291 3071 471 3126 restitutum.
515 3067 583 3128 Hoc
606 3060 706 3128 solum
726 3069 800 3128 satis
823 3077 934 3128 certum
956 3077 1003 3127 est
1023 3068 1216 3145 largitionum
1231 3068 1335 3126 barum
1359 3076 1472 3143 tempo·
1564 3141 1566 3146 Ι

136 3171 181 3228 ris
205 3169 341 3228 ordinem
364 3188 552 3246 nequaquam
579 3181 659 3230 recte
685 3170 761 3230 effici
788 3191 827 3232 ex
852 3171 957 3231 ordine
981 3190 1040 3248 quo
1064 3177 1283 3230 enumerantur.
1327 3168 1393 3228 Nos
1415 3169 1470 3228 sin·

138 3271 213 3348 gula
234 3272 440 3332 enarrabimus
461 3292 495 3331 eo
517 3272 629 3346 ordine,
653 3275 704 3351 qui
726 3275 815 3334 rebus
838 3273 1011 3350 aptissimus
1034 3292 1102 3334 esse
1124 3274 1209 3334 visus
1232 3281 1284 3333 est.

631 3601 656 3658 I.
702 3597 987 3661 SACERDOTIA.

231 3789 257 3845 1.
302 3787 432 3864 acd(ilis)
455 3787 577 3865 saor(ie)
596 3788 717 3848 Volcani
744 3786 787 3862 (A
810 3788 839 3860 4,
862 3787 888 3845 B
912 3788 944 3864 3)
973 3787 1106 3847 ordinem
1135 3788 1217 3846 ducit
1237 3789 1269 3846 in
1293 3797 1419 3865 utroque
1442 3787 1477 3844 ti·

141 3889 215 3949 tulo.
258 3889 350 3949 Redit
375 3898 530 3968 praeterea
556 3891 586 3948 in
610 3890 743 3950 Ostiensi
770 3891 826 3948 hoc
853 3889 963 3966 (Orell.
989 3890 1097 3966 1381)=
1125 3893 1176 3948 cleo
1200 3895 1300 3967 patrio
1327 3890 1378 3950 Cn.
1406 3890 1476 3946 Tur-

138 3993 233 4068 pilius
259 3993 309 4053 Cn.
325 3997 353 4070 s.
377 3994 567 4070 Turpilianus
589 3993 677 4052 aedil.
701 4002 726 4052 et
742 4011 791 4069 pr.
808 3991 929 4068 sac(ris)
948 3992 1100 4068 Vollc(ani)
1120 3991 1299 4070 sao(iendie)
1322 3992 1476 4070 siqlll(um)
1575 4006 1576 4009 ’

149 4094 276 4154 Vollcani
297 4116 330 4154 ac
351 4106 413 4154 uoto
431 4100 531 4172 posuit
552 4095 691 4172 arq(enti)
711 4094 836 4172 p(ondo)
860 4095 927 4154 XV
945 4093 1193 4171 scr(i)p(ulorum)
1217 4096 1277 4153 IX.

229 4197 257 4254 2.
301 4197 440 4258 Eiusdem
464 4199 506 4276 (id
529 4209 575 4258 est
597 4199 743 4274 Volkaui)
769 4197 917 4274 Μαθὼν)
947 4196 1073 4272 tardius)
1103 4197 1221 4255 additur
1249 4198 1280 4255 in
1302 4198 1367 4256 solo
1391 4197 1477 4256 titulo

141 4300 311 4378 posteriore
334 4301 373 4378 (B
396 4301 438 4378 4).
483 4302 567 4360 Idem
593 4301 707 4378 passim
735 4301 885 4360 invenitur
906 4300 994 4358 modo
1017 4301 1082 4360 sine
1104 4319 1237 4372 numero,
1268 4300 1356 4358 modo
1379 4300 1477 4358 dictus

141 4405 275 4482 primus,
302 4404 465 4476 secundus,
497 4404 617 4477 tertius;
645 4403 757 4463 subieci
790 4403 929 4480 exempla
962 4402 1078 4480 reliqua
1106 4409 1224 4480 praeter
1255 4404 1312 4461 hoe
1343 4409 1372 4460 et
1397 4401 1477 4478 quod

142 4507 233 4565 modo
256 4505 408 4565 attulimus
431 4506 614 4585 Turpiliani:

305 4605 337 4668 Ο.
361 4609 437 4668 Silio
464 4609 538 4684 df.
559 4609 620 4669 Vot.
644 4609 761 4669 Nerone
778 4629 827 4686 pr.
851 4627 926 4669 sacr.
947 4607 1007 4668 Vol.
1025 4608 1100 4682 faa,
1122 4609 1150 4665 d.
1173 4609 1201 4667 d.
1225 4609 1253 4667 d.
1276 4607 1380 4679 alleca,
1403 4609 1477 4679 aad,

393 4713 484 4770 Huic.
528 4711 653 4770 Henzen
679 4711 769 4770 7011.

303 4813 352 4874 Cn.
376 4814 478 4890 Sergio
504 4812 555 4872 Cn.
571 4817 599 4890 f.
619 4814 680 4874 Vct.
703 4815 803 4872 Prisco
820 4855 911 4873 .....
923 4816 1056 4890 praetori
1077 4816 1170 4872 enoris
1191 4813 1320 4884 Volcani,
1342 4831 1375 4870 en
1398 4815 1425 4872 d.
1450 4813 1477 4871 d.

394 4917 482 4975 aedili
503 4917 622 4977 adlecta.
668 4915 754 4978 Grut.
779 4917 848 4989 318,
866 4917 893 4974 7.

301 5018 341 5077 L.
363 5019 479 5078 Licinio
502 5019 603 5122 ὂψ.
626 5019 694 5080 Pal.
717 5019 830 5078 Herodi
851 5061 930 5078 ....
954 5019 1113 5090 decurioni,
1135 5019 1354 5096 quinquennali,
1381 5021 1478 5078 duum-

396 5125 467 5194 uiro,
490 5123 632 5181 sacerdoti
656 5121 728 5182 (leni
743 5124 807 5194 ool,
822 5123 903 5198 flant.
919 5121 1001 5180 Rom.
1025 5131 1051 5180 et
1066 5120 1154 5198 Aug,
1177 5132 1265 5181 curat.
1290 5141 1366 5198 oper.
1386 5121 1478 5197 pubi,
1518 5151 1531 5166 ·

396 5230 544 5300 quaestori
565 5243 640 5298 aen,
663 5225 766 5296 aedili,
781 5227 862 5300 flam.
886 5225 944 5281 olivi
967 5223 1078 5296 Secari,
1100 5224 1195 5282 sodali
1216 5223 1365 5296 Arniensi,
1384 5232 1478 5300 praet.

393 5329 481 5402 prim.
505 5345 564 5386 sac.
586 5327 666 5386 Vallo.
682 5327 777 5402 facia.
822 5325 919 5387 Orelli
943 5323 1033 5386 2204.
