3596 6040
367 1541 687 1655 lassatum
726 1541 1208 1656 etlnllroalla

372 1745 723 1808 ADDITAMENTVM
745 1746 806 1805 AD
829 1745 1039 1808 CORPORIS
1061 1749 1155 1808 VOL.
1171 1749 1194 1808 1.

123 1944 253 2086 Anno
270 2026 537 2089 MDCCCLXVII
552 2049 568 2088 6
584 2030 742 2088 Britannia
762 2029 857 2088 redux
879 2031 1083 2090 additamenta
1104 2050 1163 2089 non
1188 2032 1271 2090 nulla
1293 2034 1447 2109 composui

123 2127 156 2185 ad
177 2130 283 2188 titulos
306 2141 486 2191 tesserarum
509 2133 637 2205 illarum,
661 2150 735 2209 quas
758 2132 953 2211 gladiatorias
974 2133 1072 2192 dicere
1088 2135 1308 2205 consuevimus,
1332 2155 1369 2193 ex
1385 2155 1448 2193 mu·

123 2231 161 2287 sei
175 2230 340 2292 Britannici
356 2235 505 2294 thesauris
528 2233 746 2312 deprompta1).
791 2232 913 2292 Titulos
936 2235 1005 2293 illos
1026 2236 1125 2294 varias
1147 2237 1186 2294 ob
1208 2253 1314 2295 causas
1336 2257 1447 2296 memo-

122 2332 226 2391 rabiles
256 2336 495 2396 Mommsenus
527 2337 641 2412 primus
670 2357 695 2394 6.
722 2335 800 2394 1863
829 2335 950 2412 collegit
983 2347 1013 2394 et
1044 2338 1257 2396 commentario
1285 2338 1368 2396 brevi
1395 2339 1447 2397 sed

122 2431 245 2494 dilucido
270 2439 435 2498 illustravit
455 2444 486 2498 in
502 2440 636 2515 corporis
652 2438 879 2515 inscriptionum
899 2438 957 2495 vol.
973 2439 987 2496 I
1002 2459 1030 2515 p.
1050 2437 1107 2496 195
1120 2456 1161 2498 ss.
1178 2439 1221 2514 (u.
1240 2437 1445 2515 tlt-tteb).

122 2532 192 2594 Eum
215 2549 337 2598 secutus
361 2541 583 2601 Ritsehelius
606 2549 797 2599 monumenta
822 2540 890 2616 ipsa
918 2548 1065 2615 quotquot
1092 2541 1223 2600 nancisci
1251 2542 1348 2617 potuit
1376 2542 1446 2600 deli·

120 2647 203 2696 neata
223 2644 384 2717 proposuit
405 2643 507 2701 addita
533 2643 733 2718 disputatione
760 2639 903 2718 ampla2)‚
932 2659 992 2717 qua
1013 2642 1217 2717 quaestionem
1243 2643 1279 2700 de
1301 2644 1447 2722 interpra-

120 2740 226 2800 tatione
248 2744 406 2803 titulorum
429 2747 503 2804 satis
525 2745 698 2821 impeditam
716 2743 754 2801 ad
769 2743 858 2802 finem
872 2743 1035 2820 perducere
1055 2751 1155 2819 atque,
1177 2762 1237 2821 quo
1253 2745 1290 2804 de
1304 2746 1446 2804 Momm-

120 2857 218 2903 senus
241 2865 303 2904 non
326 2847 404 2906 ultra
425 2847 602 2923 prudentem
617 2847 833 2905 dubitationem
855 2854 1053 2921 processerat,
1076 2865 1108 2902 re
1123 2865 1194 2904 vera
1209 2846 1247 2905 ad
1261 2847 1445 2923 gladiatores

120 2961 166 3003 eos
193 2948 368 3007 referendos
392 2967 457 3008 csse
480 2950 630 3026 probabili
651 2947 878 3008 ratiocinatione
905 2947 1022 3006 efficere
1049 2955 1175 3006 conatus
1202 2955 1257 3006 est.
1301 2948 1445 3008 Probabi-

117 3045 223 3107 litatem
246 3051 313 3109 eius
336 3051 485 3126 opinionis
509 3053 686 3110 confirmare
710 3049 809 3109 studui
831 3049 862 3106 iu
884 3049 1087 3125 disputatione
1109 3050 1146 3108 de
1167 3061 1283 3110 tessera
1297 3050 1445 3126 Hispana,

118 3165 201 3223 quam
223 3152 370 3224 indicavi3
392 3172 489 3228 neque
504 3173 575 3212 vero
598 3155 688 3224 tacui,
711 3153 747 3211 de
769 3150 952 3227 singulorum
967 3151 1180 3210 vocabulorum
1200 3153 1444 3230 interpretatione

118 3250 207 3311 adhuc
228 3262 346 3312 restare
369 3255 586 3314 dubitationem
609 3274 668 3313 uon
690 3255 795 3313 levem.

195 3353 267 3413 Non
291 3355 385 3414 multa
410 3356 479 3416 inde
505 3359 542 3416 ab
569 3357 622 3415 illo
645 3367 778 3434 tempore
799 3354 938 3412 videntur
962 3355 1132 3414 innotuisse
1154 3357 1219 3416 eius
1241 3358 1360 3434 generis
1382 3377 1443 3416 mo·

115 3464 264 3527 numenta3
294 3475 366 3515 sane
393 3477 490 3530 nemo,
517 3469 662 3534 quantum
688 3457 826 3535 equidem
854 3457 933 3528 scio,
965 3476 1067 3516 eorum
1088 3458 1324 3534 indagandorum
1352 3478 1444 3520 causa

117 3574 216 3617 musea
243 3558 369 3635 publica
394 3559 585 3637 privataque,
612 3562 643 3618 in
672 3560 781 3636 quibus
808 3559 881 3617 talia
913 3558 1011 3616 solent
1036 3558 1099 3616 lere
1125 3559 1315 3634 delitescere,
1344 3562 1444 3621 dedita

115 3674 201 3733 opera
222 3669 430 3737 perscrutatus
453 3669 507 3721 est.
552 3663 674 3721 Memini
702 3662 734 3720 in
761 3660 961 3735 descriptione
987 3659 1083 3718 musei
1106 3660 1171 3731 111,
1199 3663 1280 3737 quod
1303 3661 1443 3722 Genevae

117 3767 167 3832 est,
194 3763 259 3822 eius
289 3763 407 3839 generis
433 3763 578 3839 quaedam
601 3784 648 3823 me
666 3762 827 3838 vidisse³);
855 3761 1010 3837 complura
1033 3761 1097 3819 sine
1119 3761 1208 3820 dubio
1231 3764 1328 3822 adhuc
1349 3765 1444 3824 latent

115 3861 141 3916 iu
162 3862 268 3922 Italiae
293 3862 413 3923 Galliae
435 3863 616 3925 Germaniae
637 3865 769 3924 Russiae
791 3863 911 3922 museis.

115 3989 316 4002 ἣ--ι-

186 4047 210 4114 1)
230 4053 389 4102 Prodierunt
408 4053 585 4103 additamenta
608 4054 654 4102 illa
673 4067 724 4102 uua
743 4068 799 4102 cum
820 4051 992 4100 illustratione
1011 4059 1121 4101 tesserae
1140 4053 1168 4101 in
1180 4053 1307 4116 Hispania
1325 4060 1441 4118 repertae

114 4143 169 4189 anui
188 4158 213 4206 p.
235 4144 266 4195 C.
289 4144 321 4192 27
343 4143 626 4206 (c.1.n.114963)
651 4146 679 4193 iu
697 4145 760 4194 actis
780 4143 928 4194 academiae
952 4143 1128 4194 Berolineusis
1153 4144 1296 4194 minoribus
1322 4160 1346 4195 a.
1370 4145 1439 4195 1867

114 4245 136 4292 p.
151 4233 201 4284 760
211 4250 244 4284 ss.
267 4251 391 4301 versaque
416 4243 455 4286 est
479 4237 661 4287 commentatio
686 4251 744 4288 mea
768 4237 869 4300 integra
893 4237 921 4284 in
946 4235 1074 4286 Gallicum
1101 4250 1246 4286 sermonem
1270 4237 1301 4286 ab
1326 4238 1440 4287 Henrieo

115 4319 210 4375 Gaidoa
230 4327 352 4394 editaque
371 4344 427 4378 cum
447 4329 630 4394 supplementis
650 4330 749 4394 aliquot
768 4329 831 4378 meis
852 4329 878 4377 lu
901 4327 1066 4393 ephemeride
1085 4343 1160 4379 revue
1179 4325 1370 4396 arcde'oloqiqae
1390 4330 1441 4380 vol.

112 4413 189 4466 XVII
210 4419 282 4470 1868
302 4437 327 4484 p.
343 4421 395 4470 408
409 4437 442 4470 ss.

184 4505 209 4574 ²)
229 4512 263 4561 Iu
283 4513 346 4562 actis
366 4513 514 4562 academiae
532 4513 698 4563 Monacensis
718 4514 791 4564 class.
812 4513 905 4579 philos.
926 4513 1016 4578 philol.
1037 4521 1062 4563 et
1081 4513 1140 4563 hist.
1161 4514 1211 4563 vol.
1231 4514 1257 4562 X
1277 4520 1349 4578 parte
1368 4513 1397 4562 II
1416 4528 1440 4563 a.

115 4597 180 4650 1864
199 4617 223 4666 p.
239 4601 336 4654 293ss.
358 4621 415 4655 cum
441 4605 624 4669 supplementis
643 4621 708 4655 mus.
728 4605 810 4656 Rhen.
831 4621 853 4656 a.
877 4606 948 4655 1864
967 4622 992 4670 p.
1007 4607 1060 4656 459
1081 4613 1106 4656 61
1125 4620 1148 4655 a.
1171 4603 1241 4656 1866
1261 4621 1285 4668 p.
1302 4606 1362 4655 292.
1385 4605 1437 4655 468

113 4689 192 4742 editis.
230 4696 299 4745 Vide
319 4697 397 4747 etiam
415 4698 603 4747 Heuzeuum
624 4691 782 4748 tulletdett
805 4699 908 4763 insta
930 4698 999 4748 1865
1020 4714 1045 4762 p.
1061 4699 1121 4748 103.

183 4782 208 4846 ³)
232 4784 372 4853 Cataloque
385 4787 419 4838 du
431 4786 511 4838 meede
524 4787 577 4839 Fal
595 4790 645 4839 vol.
659 4789 687 4839 II
708 4788 839 4850 (Genavae
854 4790 925 4842 1875
947 4791 983 4851 8.)
1003 4807 1028 4855 p.
1044 4790 1096 4840 555
1107 4806 1140 4840 ss.
1160 4797 1325 4839 recensentur
1344 4796 1440 4839 tessera

110 4873 261 4951 gladiatoria
286 4881 347 4929 anni
372 4882 463 4931 incerti
487 4882 610 4946 iuscripta
632 4882 670 4931 ita
688 4871 1439 4947 wenslaimessuimus-nnat·{Quart-:mr

111 4973 152 5014 aut
170 4969 270 5032 eadem,
297 4987 373 5036 quam
392 4973 549 5025 Ritschelius
575 4974 655 5024 edidit
681 4975 708 5023 iu
733 4989 798 5024 mus.
817 4973 901 5024 Rheu.
921 4989 945 5023 a.
962 4974 1032 5024 1866
1051 4990 1077 5038 p.
1092 4975 1153 5025 292.
1168 4975 1231 5036 468,
1257 4980 1301 5024 661
1324 4973 1439 5024 eiusdem

111 5061 253 5126 exemplum
273 5064 383 5114 alterum
404 5064 512 5130 (efligies
533 5067 587 5116 eius
607 5066 668 5116 data
687 5065 738 5114 tab.
754 5066 821 5115 XIX
842 5065 916 5130 fig.4
936 5065 1049 5116 eiusdem
1069 5065 1208 5117 voluminis
1226 5067 1364 5132 genuinam
1383 5080 1438 5115 csse

110 5151 211 5202 minime
231 5155 413 5218 demo'nstrat);
439 5164 572 5222 praeterea
591 5165 702 5208 tesserae
721 5157 848 5208 rotundae
869 5157 997 5207 eburneae
1017 5171 1138 5207 osseaevc
1161 5159 1261 5223 aliquot
1279 5157 1439 5223 amphithea-

109 5242 195 5305 trales,
226 5253 254 5295 ut
281 5247 414 5309 videntur,
445 5248 583 5314 inscriptae
605 5253 749 5298 COS-Vlll
773 5256 797 5300 et
826 5250 853 5299 in
883 5255 955 5313 parte
981 5250 1081 5314 postica
1103 5253 1143 5296 1111
1165 5265 1225 5313 una,
1246 5251 1304 5302 aliis
1323 5250 1437 5301 numeris

111 5318 182 5396 (xvi,
197 5341 225 5399 x,
238 5342 268 5400 v,
282 5327 325 5403 ru)
345 5340 467 5418 reliquae.
