3632 6040
646 595 695 644 na
715 594 840 646 snoms
860 567 955 649 oris]
1415 577 1460 648 73

131 772 288 834 Ciceronis
311 772 403 829 verba
425 788 517 845 supra
538 769 708 827 coniectura
731 769 878 827 restituta.
923 770 999 827 hano
1015 779 1114 828 autem
1136 770 1237 828 aedem
1261 771 1316 828 tibi
1338 772 1463 846 probavi

131 877 224 952 (pr.
248 878 337 950 epipr.
365 871 454 943 1872,
478 871 538 930 230
559 871 600 946 s.)
629 889 696 930 esse
719 890 785 928 eam
812 872 911 947 ipsam
934 892 1022 948 quam
1046 873 1122 929 inter
1149 891 1244 930 annos
1267 872 1325 931 631
1350 882 1380 931 et
1403 874 1463 933 640

131 980 165 1037 L.
189 977 331 1036 Metellus
354 976 405 1051 qui
426 973 621 1051 triumphavit
644 974 680 1031 de
702 974 851 1034 Delmatia
873 995 899 1032 a.
925 975 994 1046 637,
1017 976 1154 1050 pontifex
1176 975 1325 1034 maximus
1348 977 1463 1035 dedica-

132 1083 209 1140 verit
235 1087 313 1137 teste
334 1077 434 1136 Plinio
459 1078 507 1147 11,
532 1077 580 1149 74,
608 1077 693 1134 cuius
720 1077 813 1134 verba
839 1097 855 1134 e
881 1077 1029 1154 rescripto
1057 1077 1160 1136 codiee
1185 1077 1312 1136 restitui.
1367 1097 1464 1155 neque

132 1185 196 1242 ulla
222 1190 269 1242 est
296 1199 390 1239 causa
416 1197 469 1237 cur
491 1180 567 1237 hanc
590 1181 694 1238 aedem
716 1199 735 1236 a
764 1180 830 1237 solo
856 1179 976 1250 factam,
999 1200 1057 1238 non
1080 1181 1249 1240 restitutam
1272 1197 1340 1239 esse
1362 1182 1464 1240 creda·

131 1305 211 1359 mus,
235 1304 302 1344 cum
324 1282 500 1359 praesertim
522 1281 599 1340 idem
621 1282 672 1339 ille
688 1282 825 1341 Metellus
847 1283 1013 1342 restituerit
1035 1283 1137 1341 aedem
1161 1281 1307 1342 Castoris.
1351 1284 1466 1343 scilicet

131 1387 285 1467 pontificis
307 1386 431 1444 maximi
452 1393 553 1462 partes
581 1385 611 1442 in
633 1383 805 1443 dedicandis
828 1386 915 1443 novis
944 1385 1183 1462 instauratisque
1204 1387 1346 1445 aedificiis
1370 1387 1465 1446 sacris

131 1495 216 1550 fuere
240 1491 371 1548 eaedem.
415 1496 446 1545 at
468 1488 538 1563 quid
561 1487 655 1546 facias
677 1483 881 1563 Opiconsiviiis
901 1487 940 1546 ad
955 1487 1033 1564 Opis
1056 1488 1188 1565 opiferae
1209 1489 1366 1548 celebratis
1389 1498 1466 1549 teste

132 1592 338 1668 hemerologio
362 1590 517 1650 Vallensi?
546 1591 618 1666 quid
645 1591 760 1648 aerario
789 1590 827 1647 ad
855 1589 932 1666 Opis
959 1591 990 1648 in
1013 1589 1175 1666 Capitolio,
1202 1611 1264 1650 non
1289 1594 1320 1650 in
1343 1590 1466 1652 Saturni

133 1699 209 1757 aede
232 1697 270 1754 ad
292 1695 392 1754 forum
414 1692 490 1752 sito?
514 1693 550 1750 de
572 1693 633 1750 illis
657 1692 701 1750 sic
723 1693 833 1751 sentio:
864 1692 942 1769 Opis
965 1693 1097 1768 opiferae
1119 1694 1223 1752 aedem
1245 1695 1383 1754 novimus
1407 1693 1465 1754 Ca-

132 1800 301 1876 pitolinam,
324 1796 402 1873 Opis
425 1796 579 1854 oonsiviae
600 1795 704 1854 aedem
726 1795 847 1853 nnllam.
892 1795 964 1871 quid
995 1797 1086 1873 igitur
1108 1797 1209 1854 obstat
1230 1798 1390 1873 quominus
1412 1818 1466 1874 pu-

132 1915 232 1962 temus
256 1899 469 1977 Opeconsiviis
492 1908 526 1956 ut
547 1903 577 1956 in
598 1899 682 1974 regia
703 1907 732 1956 et
753 1898 881 1956 sortasse
903 1898 970 1956 aliis
993 1899 1078 1971 locis,
1106 1898 1143 1956 de
1170 1899 1277 1975 quibus
1300 1901 1466 1959 hemerolo·

132 2009 253 2085 giorum
275 2003 445 2080 fragmenta
471 2011 570 2058 tacent
598 2021 634 2059 ea
656 2019 733 2076 quae
755 2018 832 2058 nunc
854 2009 966 2072 extant,
989 2000 1050 2076 Opi
1072 2002 1183 2058 facturn
1205 2020 1274 2060 esse
1296 2003 1326 2060 in
1343 2001 1468 2080 Capito-

133 2110 176 2167 lio
207 2107 245 2164 ad
269 2103 433 2180 Opiferae?
461 2124 568 2180 nempe
594 2103 745 2162 oonsiviae
774 2103 966 2180 opiferaeque
994 2104 1171 2180 cognomina
1198 2113 1269 2162 sunt
1296 2105 1367 2162 bina
1393 2105 1467 2164 deae

133 2210 268 2272 eiusdem
293 2207 393 2266 sociae
407 2207 571 2283 uxorisque
588 2205 718 2266 Saturni.
764 2206 890 2264 alteram
910 2206 1116 2281 quaestionem
1138 2208 1181 2266 sie
1202 2207 1300 2266 solvo:
1324 2208 1467 2283 quoniam

136 2317 166 2372 iu
187 2321 233 2372 tot
255 2311 375 2380 aerarii,
397 2310 479 2384 quod
500 2309 557 2367 fuit
579 2311 609 2366 iu
632 2309 705 2366 aede
729 2307 860 2381 Saturni,
888 2310 1220 2368 commemorationibus
1243 2318 1363 2384 praeter
1385 2311 1466 2368 solos

139 2435 188 2474 eos
210 2413 370 2474 Ciceronis
391 2412 485 2484 locos,
513 2413 622 2487 quibus
651 2412 687 2469 de
714 2409 857 2470 Caesaris
884 2413 1013 2488 pecunia
1039 2411 1077 2469 ad
1100 2411 1177 2488 Opis
1203 2412 1307 2470 relicta
1329 2414 1467 2486 traditur,

135 2519 218 2578 nulla
240 2516 318 2593 Opis
341 2514 430 2574 aedes
453 2523 710 2587 commemoratur,
737 2515 792 2572 hac
820 2514 888 2589 ipsa
914 2533 1024 2573 renos
1048 2515 1176 2588 edoceri,
1204 2515 1287 2572 illam
1310 2517 1466 2590 pecuniam

135 2641 193 2680 non
221 2619 319 2678 fuisse
346 2617 514 2693 depositam
542 2619 573 2675 in
600 2618 674 2676 aede
701 2615 883 2677 Saturnia-
903 2617 983 2676 ultra
1011 2618 1131 2694 prodire
1158 2635 1237 2675 nunc
1263 2617 1382 2693 quidem
1408 2637 1467 2676 nou

136 2725 232 2781 datur.
276 2738 448 2796 quanquam
471 2729 540 2778 sunt
561 2720 598 2777 de
619 2721 727 2796 quibus
754 2721 858 2797 quaeri
881 2722 1011 2798 amplius
1037 2728 1066 2778 et
1087 2721 1183 2796 possit
1205 2729 1236 2778 et
1258 2720 1364 2778 debeat
1385 2727 1415 2778 et
1436 2729 1469 2778 ut

134 2833 255 2904 praeter
288 2823 477 2900 opinationes
510 2823 613 2898 quaeri
644 2823 806 2900 aliquando
833 2823 932 2899 possit
958 2824 1069 2881 factum
1097 2823 1134 2880 iri
1166 2841 1281 2899 sperem
1310 2824 1469 2880 eruderate

134 2929 253 3005 postica
274 2935 360 3004 parte
382 2925 464 2984 aedis
482 2923 603 2990 Saturni
626 2926 797 3003 montisque
813 2925 977 3002 Capitolini
992 2926 1099 2984 declivi
1120 2926 1151 2983 in
1173 2945 1238 2984 eam
1261 2934 1355 3002 parte.
1399 2945 1467 2982 nam

135 3051 203 3090 oum
219 3031 260 3087 sit
279 3028 372 3105 inepti
388 3027 518 3086 hominis
535 3028 655 3086 eredere
675 3029 705 3086 in
724 3029 784 3087 ista
798 3029 902 3106 templi
919 3027 1040 3089 Saturni
1055 3035 1169 3104 crypta,
1192 3029 1223 3085 in
1238 3047 1328 3104 quam
1351 3037 1384 3085 tu
1406 3027 1468 3085 fere

135 3132 265 3208 despicis
280 3149 417 3207 quaeque
438 3149 516 3188 nuno
539 3131 595 3188 sub
618 3131 687 3189 divo
711 3132 769 3190 sita
782 3141 838 3202 est,
861 3132 1008 3190 aerarium
1030 3131 1133 3208 populi
1149 3130 1277 3188 Romani
1299 3131 1394 3189 fuisse
1416 3137 1468 3188 aut

136 3235 296 3295 suffecisse
315 3233 353 3291 ad
375 3233 548 3292 condendos
570 3241 670 3292 tantos
692 3235 858 3306 thesauros,
885 3242 930 3293 tot
952 3234 1071 3292 tabulas
1093 3233 1271 3309 codicesque
1294 3233 1466 3310 opisthodo·

137 3357 207 3396 mon
230 3344 390 3411 angustam
412 3335 526 3410 templi,
548 3337 579 3394 in
602 3355 695 3412 eaque
714 3347 889 3412 quaestores
905 3337 1169 3415 quaestoriosques
1193 3336 1309 3394 scribas
1332 3343 1467 3394 versatos

136 3458 221 3513 esse,
257 3457 330 3497 sane
364 3437 531 3496 aedificium
566 3438 633 3498 aedi
666 3441 822 3499 continens
858 3449 905 3500 sat
933 3441 1066 3517 amplum
1094 3439 1191 3497 adhuc
1221 3438 1373 3516 sepultum
1402 3456 1468 3496 esse

136 3543 251 3600 dixeris
275 3543 313 3601 ab
335 3559 431 3616 eoque
453 3543 606 3618 putaveris
628 3541 762 3619 potuisse
785 3543 906 3601 ascendi
929 3543 966 3600 ad
987 3542 1064 3619 Opis
1087 3543 1191 3600 aedem
1213 3543 1244 3600 in
1266 3551 1367 3600 monte
1388 3541 1468 3618 posi-

135 3656 197 3704 tam
220 3645 376 3720 ipsamque
390 3643 554 3702 condendis
569 3644 706 3720 publicae
728 3646 871 3721 pecuniae
890 3645 1069 3721 quibusdam
1092 3646 1228 3721 partibus
1250 3653 1361 3720 aptam.
1405 3643 1468 3715 sed,

136 3757 169 3806 ut
191 3747 267 3819 dixi,
296 3745 333 3803 de
354 3745 400 3804 his
426 3747 517 3805 rebus
545 3747 734 3822 opinationes
756 3747 909 3807 effundere
936 3757 1094 3824 antequam
1118 3748 1216 3805 solum
1238 3753 1468 3823 pertemptatum

137 3851 177 3908 sit
203 3849 361 3925 nugatoria
390 3855 445 3906 est.
489 3858 531 3920 tu,
559 3850 604 3907 vir
629 3851 896 3926 praestantissime,
925 3851 993 3908 vide
1020 3869 1058 3908 an
1084 3850 1201 3908 interim
1229 3867 1295 3907 eam
1318 3848 1468 3923 quaestio·

137 3973 215 4023 nem,
238 3970 315 4026 quae
339 3957 385 4009 est
411 3951 447 4008 de
469 3952 638 4010 nominibus
665 3953 844 4028 templorum
868 3951 990 4012 Saturni
1019 3965 1048 4010 et
1071 3950 1159 4028 Opis,
1186 3969 1243 4026 ope
1269 3951 1469 4008 litteratorum

138 4061 398 4113 monumentorum
425 4053 527 4130 tuique
550 4053 707 4113 Arvalium
730 4055 926 4133 hemerologii
953 4061 1004 4112 aut
1027 4054 1168 4114 solverim
1195 4061 1247 4111 aut
1268 4053 1336 4111 aliis
1358 4052 1468 4110 rectius

135 4157 335 4216 tractaverim.
381 4156 457 4214 vale.

225 4276 295 4334 Dat.
312 4276 483 4352 Regimonti
499 4277 679 4374 Prussorum
696 4299 733 4337 m.
752 4278 839 4338 Febr.
857 4300 882 4336 a.
903 4277 991 4338 1875.

1189 4380 1229 4440 H.
1246 4379 1383 4440 Jonnnu.
