3620 6050
344 608 413 678 178
928 620 1075 683 1100111111

337 819 438 878 posse,
465 820 544 877 quae
570 811 793 878 procuratorem
821 823 942 864 movere
968 806 1101 880 potuerit
1128 804 1166 862 ad
1192 805 1301 863 balnea
1327 804 1434 864 incolis
1466 805 1667 864 interdicenda

338 922 434 979 neque
460 905 594 981 intellegi
620 925 673 964 0111
703 905 902 964 excludantur
924 924 1033 964 causae
1057 907 1134 966 aliae
1156 925 1242 965 usum
1265 905 1440 965 balneorum
1462 908 1665 984 impedientes,

338 1007 444 1081 quales
467 1017 538 1064 sunt
559 1009 660 1066 hostes
683 1007 864 1081 latronesve,
886 1009 1065 1082 incendium,
1090 1019 1319 1082 terraemotus,
1342 1009 1500 1070 similiave.
1545 1010 1667 1086 Requiri

338 1110 430 1186 igitur
456 1111 628 1168 necessario
656 1111 824 1169 cautionem
854 1130 930 1187 quae
958 1111 1309 1187 complectatur—causas
1338 1131 1441 1171 omnes
1473 1131 1550 1188 quae
1583 1131 1666 1172 usum

338 1213 511 1270 balneorum
537 1213 581 1271 ita
602 1214 777 1288 impediant,
799 1223 831 1271 ut
850 1215 1015 1272 conductor
1030 1225 1115 1274 extra
1134 1216 1250 1292 culpam
1273 1215 1320 1274 sit.
1365 1216 1494 1293 Propter
1508 1234 1563 1290 quo
1578 1219 1667 1274 miuus

339 1315 499 1390 particulas
531 1333 609 1390 quae
642 1326 782 1375 secuntur
806 1317 904 1394 ipsum
933 1319 1113 1394 impediendi
1141 1319 1355 1394 prohibendive
1376 1318 1554 1378 vocabulum
1584 1335 1668 1376 usur-

338 1425 442 1492 patum
464 1418 558 1476 fuisse
579 1419 736 1496 probabile
758 1429 811 1478 est.
856 1421 992 1479 Levandi
1015 1431 1114 1484 autem
1137 1422 1315 1480 vocabulum
1341 1421 1534 1480 intransitiva
1555 1420 1667 1496 signifi-

338 1521 454 1578 catione
483 1540 571 1597 quam
601 1521 702 1579 dicunt
724 1523 855 1581 indicare
878 1531 976 1600 potest
1003 1524 1097 1600 ipsius
1120 1525 1221 1582 balnei
1244 1543 1330 1582 usum
1360 1543 1457 1601 neque
1478 1523 1567 1581 facile
1591 1524 1668 1580 vide-

338 1633 387 1681 tur
409 1624 512 1682 referri
533 1641 624 1698 posse
646 1625 684 1682 ad
707 1626 871 1684 alienorum
894 1627 1111 1704 purgationem,
1127 1645 1204 1702 quae
1226 1627 1363 1703 proxime
1385 1626 1551 1703 praeeedit3
1575 1643 1668 1701 quan·

322 1745 425 1801 squam
459 1727 670 1804 grammaticae
703 1727 786 1804 leges
823 1730 912 1787 talem
942 1730 1173 1806 explicationem
1204 1729 1341 1787 videntur
1369 1730 1505 1788 suadere.
1556 1726 1669 1786 Contra

336 1830 412 1886 illud
437 1829 525 1887 facile
550 1829 744 1906 intellegitur,
773 1831 799 1888 si
825 1850 917 1890 causa
944 1833 1073 1907 quadam
1100 1832 1224 1890 fortuita
1249 1832 1298 1890 vel
1326 1839 1452 1890 externa
1473 1831 1573 1890 balnei
1597 1848 1669 1890 usus

336 1933 498 2008 impeditus
519 1931 617 2004 fuerit,
640 1941 703 1990 turn
727 1934 790 1991 eius
813 1935 965 2010 temporis,
992 1953 1052 2010 quo
1076 1935 1239 1994 conductor
1261 1935 1400 1994 balneum
1422 1942 1502 1992 recte
1524 1935 1669 2010 praebere

337 2055 397 2094 non
418 2035 558 2110 potuerit,
586 2035 760 2111 pensionem
784 2055 802 2092 a
824 2038 914 2096 totius
936 2039 1092 2114 vectigalis
1122 2055 1239 2096 summa
1261 2039 1423 2096 detractam
1445 2055 1522 2096 esse.
1570 2035 1668 2096 Simili

337 2158 374 2196 ex
397 2156 490 2196 causa
512 2137 684 2194 conductori
707 2139 796 2196 etiam
820 2139 856 2198 de
883 2141 989 2216 lignis,
1021 2160 1097 2217 quae
1124 2142 1156 2198 in
1183 2159 1270 2200 usum
1298 2141 1397 2198 balnei
1425 2147 1530 2216 parata
1552 2138 1597 2211 (v.
1615 2136 1667 2212 28)

338 2259 456 2317 semper
482 2243 591 2301 habere
614 2244 710 2316 debet,
738 2250 770 2302 ut
792 2260 883 2319 supra
905 2243 1045 2316 vidimus,
1073 2244 1147 2301 nihil
1171 2244 1300 2302 vendere
1321 2243 1501 2320 permittitur
1523 2249 1668 2317 quaestus

336 2363 429 2403 causa
449 2354 567 2420 praeter
589 2346 769 2404 recisamina
790 2346 923 2416 inutilia3
947 2347 971 2404 si
992 2355 1096 2404 contra
1117 2346 1197 2417 fecit,
1221 2347 1316 2404 multa
1334 2347 1361 2404 ei
1384 2345 1491 2404 dicitur
1509 2345 1586 2402 fisco
1609 2343 1667 2402 sol-

336 2447 433 2504 venda
459 2457 511 2506 aut
537 2449 569 2506 in
598 2449 732 2524 singulas
757 2448 943 2507 venditiones
966 2448 1013 2523 (ut
1034 2449 1115 2507 infra
1137 2468 1164 2506 v.
1181 2449 1217 2506 41
1242 2453 1274 2506 io
1295 2449 1427 2524 singulas
1446 2445 1668 2523 prohibitiones)

336 2560 388 2608 aut
420 2552 450 2609 in
484 2551 616 2626 singulas
649 2553 797 2628 lignorum
827 2552 932 2621 velres3
967 2552 997 2608 id
1026 2551 1106 2626 quod
1134 2553 1374 2610 Mommsenus
1404 2558 1526 2627 propter
1553 2550 1668 2607 multae

336 2653 567 2729 magnitudinem
590 2655 732 2729 praetulit
754 2655 917 2713 seeundum
940 2654 1109 2730 exemplum
1132 2655 1195 2712 noti
1218 2654 1295 2712 tituli
1317 2653 1425 2711 urbani
1447 2651 1496 2726 (C.
1517 2653 1540 2710 l.
1561 2651 1600 2710 L.
1624 2651 1668 2708 VI

338 2755 442 2830 1585),
476 2756 506 2813 111
534 2775 592 2832 cluo
620 2761 760 2832 liquorum
786 2759 866 2815 veles
894 2759 986 2815 decem
1015 2767 1225 2814 memorantur.
1271 2754 1385 2814 Contra
1416 2757 1441 2813 si
1475 2754 1669 2813 conductoris

335 2857 439 2933 aliqua
465 2859 552 2934 culpa
574 2859 615 2934 (v.
634 2859 686 2934 30)
716 2860 815 2918 balnei
845 2879 917 2918 usus
945 2859 1114 2936 impeditur,
1141 2867 1316 2935 procurator
1343 2858 1465 2916 multam
1493 2856 1669 2916 conductori

336 2961 434 3019 dicere
457 2971 555 3038 potest
575 2963 645 3019 item
669 2983 724 3039 pro
747 2972 814 3020 rata
836 2963 978 3039 temporis
1000 2971 1082 3037 puto,
1105 2981 1159 3038 per
1174 2961 1252 3038 quod
1274 2961 1437 3038 prohibitio
1457 2960 1595 3032 durabat,
1618 2979 1669 3017 ne-

335 3083 393 3140 que
416 3084 487 3122 vero
510 3083 601 3142 supra
623 3066 791 3124 sestertium
815 3067 958 3124 ducentos
981 3083 1128 3123 nummos,

182 3169 325 3222 IVSutrini
420 3165 565 3227 Secuntur
597 3169 634 3226 de
663 3169 777 3227 sutrino
810 3169 957 3226 tonstrino
990 3168 1141 3226 fullonicis
1174 3173 1425 3245 praeceptarum
1459 3165 1580 3224 balineo
1615 3165 1669 3222 ali·

194 3269 218 3300 v.
228 3253 310 3302 32-37

197 4821 222 4869 V
242 4821 311 4870 Ton-

221 4905 294 4953 strini

197 5003 220 5035 v.
236 4988 317 5037 37-42

335 3289 393 3347 quo
421 3271 625 3330 similitudinis
653 3272 772 3330 vinculo
799 3272 967 3329 coniuncta.
1012 3270 1127 3331 Sutrini
1150 3271 1313 3328 conductor
1338 3270 1411 3345 quid
1438 3277 1596 3345 praestare
1619 3267 1670 3326 de·

334 3375 403 3432 beat
429 3376 459 3432 in
489 3375 659 3432 universum
687 3383 800 3432 tantum
823 3374 1046 3451 praescribitur.
1090 3372 1159 3431 Non
1189 3372 1383 3431 calciamenta
1408 3381 1523 3431 tantum
1553 3371 1599 3445 (v.
1616 3370 1669 3445 36)

334 3477 430 3534 omnis
447 3477 564 3552 generis
582 3477 635 3534 sed
651 3477 740 3535 etiarn
754 3478 921 3534 loramenta
936 3497 1002 3534 eum
1019 3485 1172 3551 praestare
1189 3475 1327 3534 debuisse
1343 3475 1504 3550 clavosque
1519 3473 1669 3552 caligares

334 3578 400 3654 (qui
416 3597 507 3656 saepe
521 3587 723 3639 memorantur
738 3579 816 3652 alibi,
830 3581 897 3638 vide
908 3578 1155 3655 Marquardtii
1171 3578 1281 3635 enchir.
1294 3577 1350 3636 112
1367 3597 1396 3654 p.
1413 3577 1470 3636 195
1487 3578 1554 3636 adn.
1571 3575 1668 3651 1800)

333 3684 437 3742 fixisse
465 3691 555 3760 atque
584 3683 753 3742 venditasse
781 3703 819 3741 ex
847 3683 912 3758 lege
939 3682 1129 3742 ferrariarum
1160 3679 1202 3756 (v.
1216 3679 1280 3755 34),
1314 3679 1350 3736 de
1383 3699 1443 3756 qua
1475 3698 1569 3756 supra
1603 3677 1669 3736 dixi

333 3787 376 3864 (p.
396 3787 477 3863 172),
506 3787 635 3863 aliaque,
667 3806 744 3862 quae
767 3795 884 3844 sutores
907 3785 1084 3855 vendebant,
1106 3783 1277 3842 vendidisse
1300 3803 1339 3842 ex
1360 3783 1404 3840 eis
1427 3789 1561 3860 apparet,
1590 3799 1670 3856 quae

331 3890 437 3965 reliqui
465 3897 584 3967 praeter
614 3891 823 3948 conductorem
852 3888 950 3947 facere
972 3895 1119 3946 vetantur.
1165 3883 1225 3958 Qui
1245 3885 1340 3944 invito
1362 3886 1541 3944 conductore
1563 3902 1669 3942 eorum

333 3995 455 4070 aliquid,
482 4013 558 4070 quae
584 3993 629 4053 illi
656 3994 839 4068 praestanda
865 3999 1048 4066 competunt,
1074 3989 1154 4048 intra
1180 3989 1255 4047 fines
1282 3987 1472 4047 metallorum
1497 3987 1612 4058 fecerit,
1642 3986 1668 4042 ei

332 4098 416 4174 dupli
438 4097 574 4156 solvendi
593 4098 688 4156 multa
710 4097 826 4155 dicitur.
869 4094 917 4154 Ne
940 4103 1056 4152 sutores
1080 4093 1121 4168 (v.
1138 4090 1191 4168 35)
1214 4091 1333 4166 quidem
1352 4090 1593 4149 veteramentarii
1617 4089 1670 4148 ad-

331 4201 503 4271 mittuntur3
526 4201 715 4276 excipiuntur
737 4201 868 4257 fortasse
892 4199 941 4274 (ea
963 4199 1041 4257 enirn
1056 4197 1148 4254 verba
1169 4195 1323 4270 perierunt
1343 4195 1374 4251 in
1396 4191 1518 4268 lacuna)
1535 4191 1587 4268 qui
1611 4209 1669 4249 sua

332 4302 557 4362 dominorumve
572 4287 771 4361 calciamenta*
789 4301 956 4372 refecerint,
979 4309 1012 4357 111
1033 4300 1274 4358 Mommsenus
1296 4296 1462 4374 proposuit.
1506 4293 1569 4352 Vix
1586 4293 1669 4351 enim

330 4404 433 4462 licebit
447 4405 586 4464 lacunam
601 4406 732 4482 explere,
748 4413 780 4462 ut
799 4404 871 4462 fecit
887 4401 1137 4473 Soromenius,
1158 4401 1196 4458 ad
1212 4419 1313 4460 eorum
1330 4397 1565 4470 similitudinem,
1588 4415 1669 4472 quae

333 4507 370 4564 de
393 4509 525 4567 tabernis
548 4509 684 4567 fulloniis
701 4508 945 4584 praescribuntur
961 4505 1002 4579 (v.
1020 4505 1083 4580 43).
1128 4504 1247 4563 Eenim
1266 4503 1340 4560 talia
1361 4506 1387 4560 si
1409 4499 1596 4578 supplemus,
1619 4497 1671 4556 lex

336 4610 378 4668 ita
403 4621 548 4688 concepta
571 4620 625 4684 est,
654 4619 688 4669 ut
709 4610 735 4669 ei
759 4611 808 4686 qui
832 4610 949 4668 clavum
972 4609 1134 4687 caligarent
1156 4607 1213 4666 sibi
1235 4607 1302 4682 ipse
1322 4605 1423 4664 fixerit
1443 4612 1473 4664 01
1493 4601 1554 4679 ipsi
1574 4601 1675 4660 multa

333 4713 476 4772 solvenda
498 4715 546 4773 011.

415 4816 570 4875 Tonsores
606 4819 831 4891 tonstrinaeque
865 4815 985 4890 qualem
1017 4815 1048 4871 in
1083 4813 1145 4871 vita
1170 4812 1378 4871 Romanorum
1411 4809 1563 4869 cotidiana
1598 4809 1669 4870 inde

333 4917 395 4977 fere
417 4938 436 4976 a
458 4919 587 4994 septimo
610 4918 692 4996 urbis
717 4917 836 4976 saeculo
859 4925 987 4975 exeunte
1016 4917 1111 4975 locum
1136 4915 1348 4993 occupaverint
1370 4933 1409 4972 ex
1431 4912 1550 4972 Horatii
1573 4913 1671 4972 versi·

333 5022 408 5080 culis
431 5022 600 5080 notissimis
623 5019 695 5096 (sat.
711 5021 726 5078 l
742 5020 770 5092 7,
787 5017 820 5096 2)
843 5019 1029 5096 discimus1).
1073 5017 1180 5096 Neque
1203 5019 1294 5094 igitur
1314 5017 1421 5076 mirum
1444 5025 1490 5076 est
1511 5034 1578 5074 cum
1602 5015 1669 5074 bal·

332 5192 536 5201 --—..,-

427 5337 450 5401 ¹)
489 5337 529 5390 Cf.
550 5351 615 5404 qnae
636 5338 667 5388 de
687 5337 835 5388 tonsoribus
853 5337 1103 5403 Marquardtius
1124 5337 1268 5402 composuit
1286 5335 1383 5388 enchir.
1397 5337 1422 5388 V
1438 5337 1453 5388 2
1473 5353 1499 5401 p.
1514 5335 1566 5387 205
1580 5349 1602 5386 0.
