3614 6054
524 637 824 690 osssnvsmouus
851 635 1138 687 neranssrnonn.
1422 615 1495 685 329

250 813 279 872 2.
322 814 395 870 idem
427 831 528 871 munus
561 813 769 887 gladiatorium
802 809 907 885 deun)
945 816 992 868 est
1030 811 1061 867 in
1101 809 1166 866 sola
1197 809 1300 867 tabula
1331 809 1499 885 posteriore

164 915 205 992 (B
231 913 295 991 12),
324 934 392 974 curn
419 916 502 991 prior
527 913 632 992 paullo
661 913 865 990 neglegentius
895 911 1078 989 gladiatores
1111 901 1166 968 sub
1199 911 1348 968 communi
1381 911 1500 970 nomine

163 1017 304 1076 ludorum
328 1017 579 1094 comprehendere
602 1016 747 1075 videatur.
1421 1049 1429 1063 ·

251 1121 279 1178 3.
324 1121 437 1196 epulum
464 1121 616 1178 trichilinis
647 1118 798 1178 CCXVII
821 1117 929 1176 colonis
952 1118 1030 1176 dedit
1055 1115 1099 1192 (A
1124 1117 1185 1188 17).
1229 1113 1380 1174 Numerus
1407 1115 1501 1173 tricli-
1592 1191 1595 1194 Ι

165 1223 281 1281 nicrum
298 1221 350 1279 vix
373 1221 444 1280 alibi
466 1223 497 1280 in
519 1221 615 1280 titulis
637 1220 800 1292 invenitur3
824 1218 985 1278 Gaesarem
1007 1227 1076 1296 post
1098 1218 1282 1294 triumphum
1297 1217 1410 1294 populo
1429 1235 1500 1291 epu-

164 1326 228 1384 lum
267 1325 388 1384 dedisse
427 1325 626 1384 tricliniorum
657 1323 779 1382 milibus
811 1322 917 1398 viginti
954 1323 1069 1380 duobus
1101 1320 1283 1379 Plutarchus
1318 1317 1422 1395 (Oses.
1444 1318 1499 1395 55)

166 1427 281 1486 scribit.

250 1531 278 1586 4.
319 1532 478 1606 prandium
505 1549 560 1589 sua
583 1532 709 1606 pecunia
737 1529 844 1588 colonis
876 1527 1032 1590 Ostiesibus
1060 1528 1101 1585 bis
1130 1528 1207 1584 dedit
1232 1525 1276 1600 (A
1301 1524 1364 1601 19).
1407 1524 1501 1582 Aliud

166 1631 336 1710 exemplum
359 1651 426 1690 cum
447 1653 483 1690 ex
506 1632 601 1691 titulis
624 1632 739 1690 nullum
769 1638 925 1706 suppetat,
954 1628 1127 1705 suppeditat
1149 1625 1310 1687 Suetonius
1333 1625 1420 1690 Caes.
1445 1625 1499 1684 38:

165 1736 272 1793 adiecit
299 1733 411 1810 epulum
437 1753 472 1793 aa
497 1738 710 1794 uiscerationem
737 1743 762 1792 et
787 1742 853 1809 post
873 1732 1095 1808 Hispaniensem
1115 1734 1264 1789 uictoriam
1290 1731 1346 1788 duo
1369 1730 1502 1804 prandia

165 1847 195 1894 et
217 1836 286 1895 Tib.
311 1834 363 1894 20:
383 1838 542 1912 prandium
561 1837 668 1913 populo
689 1837 765 1894 mille
786 1839 890 1894 mensis
913 1836 999 1892 dedit.

250 1940 279 1998 5.
324 1957 378 1998 suu
406 1943 532 2015 pecunia
563 1943 641 1997 aiam
672 1939 752 1998 silice
783 1941 889 1997 stravit
913 1955 986 2013 quae
1015 1945 1056 1995 ast
1082 1939 1179 1995 iuncta
1196 1938 1268 2013 foro
1297 1935 1333 1993 alr
1361 1952 1433 1993 areu
1461 1934 1502 1992 aul

166 2059 265 2100 arcum
287 2040 332 2116 (A
356 2040 418 2116 15).

252 2144 280 2202 6.
325 2143 414 2201 aedes
436 2145 615 2203 constitutae
636 2144 832 2203 restitutaeve
855 2152 1065 2202 enumerantur
1087 2149 1214 2219 septem:

321 2264 348 2304 s.
391 2247 488 2304 aedem
504 2247 625 2306 Volcani
646 2265 700 2306 sua
719 2249 844 2322 pecunia
864 2249 988 2304 restituit
1009 2245 1051 2321 (A
1074 2243 1138 2321 21).
1181 2243 1256 2302 Dixi
1280 2262 1373 2318 supra
1393 2261 1422 2318 p.
1439 2241 1499 2300 326

393 2348 430 2407 de
453 2347 582 2407 Volcani
603 2349 684 2408 cultu
708 2347 852 2408 Ostiensi.

321 2452 350 2509 h.
394 2452 491 2508 aedan
508 2452 622 2511 Veneris
650 2469 705 2509 sua
727 2454 852 2528 pecunia
875 2454 1018 2509 constituit
1043 2449 1087 2526 (A
1110 2447 1163 2525 23)
1187 2449 1251 2508 sive
1272 2449 1369 2507 aedem
1386 2447 1501 2507 Veneris

392 2557 522 2629 impensa
543 2573 598 2613 sua
617 2557 741 2612 restituit
761 2553 800 2628 (B
817 2552 881 2628 21).
926 2553 974 2610 De
993 2552 1112 2611 Venere
1134 2549 1261 2628 Syriaca
1282 2551 1346 2610 sive
1368 2551 1501 2609 Maiuma

394 2654 491 2715 Ostiis
524 2656 606 2714 culta
638 2656 775 2715 videatur
803 2643 923 2714 'Preller
955 2655 986 2712 iu
1019 2654 1095 2714 actis
1130 2672 1190 2713 soc.
1220 2653 1305 2729 Lips.
1334 2653 1500 2711 minoribus

393 2778 419 2816 a
438 2758 516 2817 1849
540 2778 569 2834 p.
588 2757 636 2816 24.
664 2755 812 2817 *Gamala
833 2775 1000 2834 cognomen
1015 2753 1125 2814 Lucilii
1147 2775 1214 2814 cum
1236 2755 1307 2814 item
1330 2760 1370 2815 sit
1391 2773 1501 2814 numen

393 2861 497 2938 oppidi
520 2861 721 2933 Palaestinae,
748 2868 889 2936 poterunt
914 2860 964 2936 qui
991 2859 1096 2919 volent
1121 2860 1195 2917 haee
1222 2876 1415 2934 componere3
1444 2875 1499 2916 nos

392 2963 466 3022 talia
487 2964 720 3022 animosioribus
741 2963 955 3039 relinquemus.

253 3092 255 3096 >
322 3085 347 3123 c.
390 3067 487 3124 aedan
519 3064 649 3124 Castoris
676 3075 703 3124 et
729 3065 857 3124 Pollucis
886 3063 1036 3140 rest(ituit)
1063 3062 1102 3139 (B
1132 3063 1194 3140 13).
1244 3063 1292 3122 De
1321 3061 1499 3123 Castoribus

394 3167 452 3226 diis
474 3169 599 3227 marinis
623 3166 729 3227 Ostiae
755 3169 804 3228 vel
829 3167 989 3244 praecipue
1012 3166 1099 3226 cultis
1123 3166 1224 3225 omnia
1244 3175 1316 3226 nota
1336 3175 1416 3226 sunt.
1461 3165 1499 3226 V.

393 3271 452 3330 vol.
476 3269 492 3327 Ι
514 3291 543 3348 p.
560 3270 619 3330 385
643 3271 681 3329 ad
704 3271 783 3330 diem
804 3269 868 3330 lau.
893 3269 942 3329 27.

319 3372 348 3432 d.
391 3374 488 3432 aedem
521 3373 668 3432 Bhrtanae
697 3393 753 3432 suu
782 3376 906 3449 pecunia
938 3375 1083 3432 constituit
1114 3371 1156 3447 (A
1184 3370 1247 3448 25).
1291 3371 1359 3430 Hoc
1391 3392 1499 3432 numen

394 3495 489 3552 eaque
505 3494 581 3553 quae
597 3482 761 3552 sequuntur
777 3483 810 3532 ut
824 3475 936 3551 optime
949 3473 1119 3534 condicioni
1135 3475 1180 3532 rei
1194 3473 1330 3550 publicae
1347 3472 1499 3534 Ostiensis

393 3578 583 3650 conveniunt,
604 3579 648 3636 ita
669 3576 748 3653 quod
772 3577 864 3635 sciam
887 3576 959 3636 alibi
980 3595 1040 3635 non
1061 3583 1273 3636 memorantur.

322 3699 348 3739 e.
391 3679 515 3757 aecl(am)
542 3679 655 3740 Cereris
678 3698 732 3737 sua
749 3682 875 3754 pecunia
897 3682 1044 3738 constituit
1064 3679 1108 3754 (A
1131 3677 1194 3755 27).

320 3782 342 3842 f.
391 3785 488 3842 aedem
511 3781 581 3859 Spei
602 3800 656 3840 sua
672 3783 799 3857 pecunia
821 3780 992 3856 [cons]tituit
1012 3781 1061 3840 vel
1083 3779 1232 3856 [res]tituit
1253 3781 1297 3858 (A
1319 3779 1383 3858 32).

320 3902 349 3961 g.
392 3884 494 3943 cellam
511 3888 594 3960 patri
619 3884 749 3942 liberino
771 3885 894 3942 restituit
916 3881 957 3957 (B
982 3881 1045 3958 16).
1089 3881 1175 3941 Fecit
1196 3902 1261 3942 eam
1284 3901 1344 3960 quo
1366 3892 1499 3962 tempore

392 3994 512 4046 curator
534 3987 679 4064 pecuniae
699 3984 836 4063 publicae
857 3975 923 4044 fuit.

251 4090 279 4147 7.
322 4091 453 4164 pandera
485 4090 525 4147 ad
556 4088 704 4148 macellum
736 4106 798 4146 cum
823 4087 865 4144 M.
890 4086 1031 4146 Turranio
1058 4105 1112 4146 sua
1136 4091 1260 4164 pecunia
1281 4090 1355 4162 fecit
1377 4090 1422 4166 (A
1444 4089 1499 4162 293

166 4191 269 4269 paullo
291 4191 411 4250 brevius
432 4190 458 4249 B
476 4190 539 4266 23).
582 4190 650 4249 Hoc
673 4209 740 4248 eum
760 4189 869 4248 fecisse
891 4189 921 4247 in
944 4187 1121 4264 magistratu
1143 4190 1244 4267 aliquo
1267 4191 1416 4250 adiectum
1438 4193 1500 4250 col·

164 4295 250 4370 legse
279 4310 388 4352 nomen
417 4292 555 4362 ostendit,
584 4311 682 4368 neque
710 4299 810 4350 tamen
838 4291 910 4350 fecit
934 4292 966 4350 in
996 4290 1157 4363 aedilitate,
1186 4309 1276 4368 quam
1304 4313 1365 4352 uon
1394 4297 1498 4370 gessit.

167 4394 242 4456 Oum
266 4396 383 4473 collega
404 4395 522 4454 videtur
543 4395 689 4454 honorem
710 4393 988 4467 communicavisse,
1010 4392 1177 4470 impensam
1201 4393 1286 4452 solus
1309 4397 1499 4458 sustinuisse.

172 4557 176 4568 ,
251 4499 279 4558 8.
323 4516 473 4557 mensuras
495 4499 536 4555 ael
556 4499 656 4572 sorum
677 4495 848 4572 vinar(ium)
876 4495 959 4572 s(uu)
978 4495 1133 4572 p(ecunia)
1152 4498 1225 4572 fecit
1247 4495 1287 4571 (B
1311 4496 1374 4573 23).
1422 4499 1500 4571 Qua-

167 4603 268 4676 dripae
282 4601 350 4676 fori
370 4603 470 4659 cinari
490 4599 602 4658 mentio
624 4599 657 4656 fit
678 4599 708 4656 in
730 4598 816 4658 titulo
839 4597 973 4657 Ostiensi
998 4595 1091 4656 Orell.
1115 4597 1207 4658 4109.

249 4703 278 4761 9.
323 4702 455 4772 thermas,
483 4719 556 4778 quas
583 4702 665 4759 divus
688 4700 759 4758 Pius
789 4701 1002 4778 aedificaverat,
1031 4703 1059 4758 ni
1081 4703 1156 4776 ignis
1185 4707 1366 4776 consumptas
1393 4704 1499 4778 refecit,

160 4809 304 4881 porticum
325 4808 475 4880 reparavit
497 4803 536 4878 (B
555 4803 616 4880 18).
660 4801 730 4862 Non
753 4802 851 4860 solum
875 4802 1058 4879 biographus
1082 4800 1119 4875 (c.
1137 4801 1170 4878 8)
1196 4801 1275 4862 inter
1296 4820 1388 4880 opera
1409 4823 1428 4862 a
1442 4804 1500 4862 Pio

165 4908 245 4966 lacta
276 4917 413 4966 recenset
439 4906 587 4964 lavacrum
615 4906 755 4978 Ostiense,
783 4905 837 4963 sed
865 4913 1002 4981 superest
1030 4903 1094 4962 eius
1124 4904 1189 4981 ipse
1216 4904 1321 4962 titulus
1348 4905 1524 4981 (Visconti,

165 5028 233 5080 ann.
267 5010 338 5068 inst.
375 5008 452 5068 1857
487 5027 516 5084 p.
544 5007 634 5083 319):
669 5011 736 5082 imp.
774 5004 884 5065 Caesar
917 5009 976 5065 diui
1007 4985 1157 5065 Hadriani
1182 5009 1244 5083 fil,
1282 5009 1343 5064 dini
1377 5008 1500 5066 Traiani

164 5111 294 5170 Parthici
325 5129 400 5186 nep,
433 5112 493 5168 elini
513 5109 658 5184 Merrae]
688 5127 832 5184 pronepos
858 5109 891 5168 Τ.
914 5107 1016 5167 Aelius
1041 5108 1214 5168 Hadrianus
1236 5107 1399 5170 Antoninus
1421 5110 1498 5186 Aug.

164 5213 237 5286 Pius
258 5213 360 5290 pontis.
376 5230 451 5272 maa.
468 5213 531 5272 trib.
545 5211 661 5287 potes[t.
682 5228 700 5268 11
721 5229 777 5270 cos.
794 5210 827 5288 11]
851 5211 984 5283 thermas,
1006 5214 1036 5268 in
1058 5229 1179 5287 quarum
1200 5215 1398 5272 extructionem
1419 5213 1499 5270 diuos

160 5326 337 5391 paterenus
359 5329 402 5375 us
425 5312 486 5394 ΙῊ)
513 5313 671 5389 palliditas
698 5313 783 5388 erat),
811 5314 924 5372 adiecta
945 5315 1079 5390 pecnnia,
1106 5323 1216 5390 quanta
1242 5314 1368 5391 amplius
1390 5315 1499 5393 deside·

166 5417 300 5490 radatur,
326 5420 390 5475 item
417 5416 606 5474 marmoribus
629 5417 670 5473 acl
693 5433 799 5474 omnem
822 5414 967 5490 o[rnatum
985 5416 1130 5492 perfecit)
1175 5417 1255 5476 Anni
1278 5425 1350 5476 nota
1372 5415 1497 5486 excidit3
