3632 6040
352 549 372 618 2
926 569 1110 622 uonusau

349 760 426 813 men,
449 743 529 817 quod
553 753 596 801 est
619 743 749 814 Marcus,
772 750 801 800 et
816 743 1001 819 cognominis
1023 761 1093 819 pars
1116 747 1342 815 extrematurae,
1365 743 1439 801 nihil
1461 743 1585 818 impedit
1607 761 1686 818 quo-

349 844 448 901 minus
477 863 541 902 eam
569 845 736 903 referamus
759 845 796 902 ad
819 846 917 920 ipsum
941 845 981 904 M.
1005 845 1158 903 Valerium
1182 846 1222 902 M.
1245 846 1265 902 f.
1289 845 1330 903 M.
1353 865 1381 903 n.
1403 845 1575 904 Messallam
1605 843 1688 904 Cor-

348 946 449 1003 vinum
478 955 635 1005 oratorem.
680 946 759 1006 Nam
793 947 817 1004 si
846 949 897 1023 qui
931 956 1064 1024 opponat
1092 948 1187 1006 filium
1221 948 1263 1005 ita
1289 947 1431 1006 collocari
1464 955 1687 1024 compatrem,

348 1047 595 1122 respondebimus
625 1058 738 1125 patrem
768 1066 832 1106 esse
860 1050 995 1124 potuisse
1022 1050 1160 1120 medium,
1190 1059 1223 1106 ut
1245 1049 1282 1106 ad
1305 1049 1456 1108 sinistram
1479 1069 1604 1108 uxorem
1629 1051 1688 1107 ha-

347 1151 440 1221 beret,
468 1171 486 1208 a
514 1151 620 1209 dextra
645 1151 748 1221 filium,
776 1160 808 1208 ut
829 1152 986 1229 Augustus
1013 1152 1043 1210 in
1070 1171 1141 1210 arcu
1164 1152 1306 1227 Papiensi
1334 1152 1449 1210 medius
1478 1154 1577 1210 stabat
1602 1153 1687 1210 inter

348 1252 501 1312 Tiberium
525 1261 554 1311 et
574 1253 701 1311 Liviam.

431 1356 471 1412 M.
495 1354 638 1413 Valerius
661 1356 701 1413 M.
724 1356 743 1412 t.
768 1355 823 1412 M’.
848 1375 876 1414 n.
899 1355 1045 1414 Messalla
1074 1357 1213 1415 similiter
1238 1357 1328 1433 plane
1355 1366 1543 1434 nuncupatur
1564 1356 1596 1414 in
1617 1355 1685 1433 cip-

345 1457 403 1532 pis,
427 1475 502 1532 quos
524 1475 630 1515 censor
652 1458 753 1533 posuit
774 1476 841 1516 cum
863 1457 897 1515 P.
922 1455 1052 1516 Servilio
1074 1458 1207 1516 Isaurico
1230 1458 1335 1534 (vol.I
1357 1458 1600 1534 11.608-614);
1628 1477 1685 1534 ag-

345 1561 468 1616 nomina
493 1560 585 1635 igitur
611 1560 706 1635 magis
735 1578 823 1635 quam
851 1559 984 1635 legitima
1010 1560 1133 1618 nomina
1159 1561 1278 1618 fuerunt
1301 1581 1377 1638 quae
1398 1568 1555 1637 praeterea
1576 1561 1604 1618 ei
1628 1561 1685 1618 tri-

345 1661 477 1719 buuntur
498 1680 558 1719 non
581 1662 677 1720 solum
699 1662 874 1738 Menogenis
897 1661 981 1744 (Val.
1003 1662 1085 1720 Max.
1107 1663 1136 1734 9,
1156 1664 1203 1733 14,
1221 1663 1238 1720 5
1261 1673 1290 1722 11
1312 1663 1380 1721 inde
1401 1662 1520 1722 Plinius
1543 1664 1572 1720 h.
1595 1682 1625 1720 n.
1653 1663 1683 1732 7,

349 1761 396 1834 12,
413 1763 477 1838 55),
501 1765 555 1821 sed
577 1765 666 1822 etiam
683 1763 783 1840 Nigri,
806 1783 987 1841 quamquam
1010 1765 1041 1824 id
1056 1773 1086 1823 et
1102 1765 1253 1824 Asconius
1275 1766 1306 1822 in
1322 1762 1425 1824 Scaur.
1442 1787 1471 1843 p.
1488 1764 1684 1840 1011111111)-

346 1865 385 1921 sit
405 1873 434 1921 et
454 1865 524 1923 lasti
545 1876 606 1924 tam
620 1866 751 1925 Idatiani
771 1885 861 1942 quarn
876 1866 986 1924 Dionis
1003 1866 1106 1942 (roll
1128 1887 1156 1944 p.
1175 1867 1244 1926 540.
1261 1867 1353 1942 541);
1376 1869 1497 1926 omnino
1519 1876 1553 1925 ut
1572 1867 1685 1925 distin·

345 1977 468 2044 gnorent
487 1987 552 2026 eum
575 1970 612 2026 ab
633 1969 729 2026 altero
750 1969 882 2027 ciusdem
904 1971 1035 2028 nominis
1056 1970 1120 2026 viro
1141 1969 1259 2045 aequali
1279 1951 1403 2028 consule
1423 1989 1449 2027 a.
1467 1969 1536 2028 701.
1580 1967 1684 2027 Natus

346 2071 387 2127 sit
408 2089 530 2129 necesse
553 2084 598 2130 est
620 2090 645 2129 c.
662 2090 688 2128 a.
706 2070 776 2143 650,
799 2072 940 2147 quoniam
957 2069 1063 2130 Cicero
1086 2079 1174 2130 natus
1197 2070 1343 2129 11111648
1366 2072 1453 2131 initio
1475 2090 1508 2130 se
1531 2072 1683 2129 minorem

347 2171 885 2248 1111111ιὶ1111111(Β1111.70,246),
914 2174 1019 2232 consul
1045 2183 1146 2233 autem
1169 2174 1315 2234 Messalla
1341 2175 1439 2232 factus
1467 2193 1493 2231 a.
1519 2173 1577 2232 693
1607 2192 1683 2249 qua-

344 2274 546 2353 dragesimum
581 2275 742 2334 secundum
777 2277 883 2334 aetatis
916 2295 1027 2333 annum
1061 2284 1242 2348 excesserat,
1275 2276 1306 2333 id
1340 2285 1385 2335 est
1416 2285 1504 2334 natus
1536 2283 1600 2333 erat
1629 2285 1684 2334 aut

344 2396 422 2435 anno
446 2378 506 2435 650
529 2387 581 2436 aut
607 2386 676 2436 ante
703 2397 778 2435 eum.
823 2377 905 2438 Inter
925 2378 1088 2437 Messallas
1115 2379 1172 2437 hos
1199 2378 1339 2436 consules
1369 2399 1395 2436 a.
1420 2379 1478 2436 693
1508 2387 1537 2436 11
1560 2377 1620 2435 501
1651 2385 1682 2433 11

342 2479 383 2536 M.
413 2478 570 2538 Valerium
595 2480 636 2538 M.
664 2480 686 2538 f.
713 2480 754 2538 M.
783 2501 812 2538 n.
840 2481 1015 2538 Messallam
1045 2480 1199 2538 consulem
1228 2499 1255 2535 a.
1281 2479 1351 2550 593,
1379 2497 1532 2552 censorem
1560 2499 1587 2536 a.
1617 2479 1682 2536 600

342 2581 414 2640 lasti
442 2581 507 2639 eius
541 2581 645 2657 stirpis
671 2582 771 2639 nullos
798 2591 968 2652 recensent,
996 2601 1092 2656 neque
1118 2583 1149 2640 in
1176 2581 1282 2639 aetatis
1309 2581 1445 2656 proxime
1471 2581 1682 2657 praecedentis

341 2703 440 2742 rerum
475 2683 618 2742 memoria
650 2683 800 2742 invenitur
832 2684 890 2742 nisi
923 2701 999 2742 unus
1022 2683 1163 2742 Valerius
1192 2683 1345 2754 Messalla,
1373 2703 1462 2760 quem
1489 2683 1569 2742 bello
1598 2683 1682 2741 civili

341 2787 472 2862 legatum
505 2785 612 2844 Rutilii
644 2784 724 2863 Lupi
758 2803 819 2844 cos.
845 2807 873 2844 a.
897 2785 957 2844 664
991 2786 1029 2843 ad
1061 2785 1163 2844 urbem
1197 2803 1349 2862 pugnasse
1380 2787 1485 2846 scribit
1516 2787 1681 2862 Appianus

341 2890 370 2948 b.
394 2907 418 2946 c.
445 2891 471 2960 1,
496 2888 546 2960 40,
574 2887 690 2947 adlatus
718 2907 737 2945 a
763 2887 931 2964 Borghesio
962 2905 1031 2965 opp.
1058 2891 1084 2959 1,
1107 2889 1178 2961 408,
1207 2909 1295 2966 quem
1323 2888 1446 2948 alterius
1478 2889 1575 2948 utrius
1606 2907 1678 2949 cou-

341 2992 437 3050 sulum
471 2991 589 3049 illorum
621 2999 737 3067 patrem
766 2991 861 3049 fuisse
888 2991 1046 3068 probabile
1076 2999 1130 3050 est.
1174 2991 1394 3051 Desiderantur
1421 2999 1540 3067 praeter
1572 3001 1678 3067 patres

341 3095 430 3152 etiam
453 3095 503 3151 avi
525 3093 572 3152 vel
594 3109 683 3162 avus3
705 3111 774 3150 nam
798 3111 978 3169 quamquam
1002 3095 1142 3152 eonsules
1164 3094 1210 3152 illi
1232 3095 1340 3153 fratres
1363 3102 1442 3152 certe
1463 3094 1677 3164 maluerunt,

341 3206 401 3255 tam
427 3197 553 3254 fratrum
581 3196 635 3254 filii
662 3213 729 3253 esse
756 3205 917 3272 potuerunt
945 3214 1034 3270 quam
1062 3217 1100 3254 ex
1127 3197 1270 3255 fratribus
1299 3205 1435 3256 natorum
1458 3197 1588 3254 filiorum
1610 3197 1677 3253 filii.

341 3301 426 3358 Avus
458 3309 557 3357 autem
590 3299 617 3355 is
651 3317 812 3356 avorumve
840 3298 915 3356 alter
941 3307 1042 3373 potest
1069 3299 1163 3357 fuisse
1184 3298 1326 3357 Valerius
1349 3299 1494 3357 Messalla
1519 3299 1557 3368 is,
1585 3317 1676 3374 quem

342 3399 379 3474 Q.
402 3401 540 3460 Metellus
562 3399 743 3460 Numidicus
766 3400 869 3459 consul
897 3419 924 3458 a.
948 3401 1008 3459 645
1036 3400 1211 3460 adulescens
1240 3401 1346 3477 opinor
1374 3400 1606 3477 repetundarum
1629 3420 1677 3458 ac·

340 3504 456 3562 cusavit
484 3500 580 3579 (Gall.
604 3502 723 3574 15,14,
747 3503 788 3578 1).
832 3501 968 3562 Proavus
999 3503 1164 3562 communis
1193 3503 1250 3562 fuit
1280 3503 1344 3563 sine
1374 3503 1464 3561 dubio
1492 3504 1518 3561 is
1548 3504 1584 3561 de
1614 3522 1676 3580 quo

340 3604 472 3664 diximus
495 3605 601 3663 consul
623 3625 649 3663 a.
674 3605 744 3663 593.
1166 3677 1171 3690 .

423 3708 586 3766 Messallae
608 3708 737 3766 honores
759 3726 827 3766 cum
849 3709 880 3766 in
903 3709 1001 3784 elogio
1023 3717 1237 3768 recenseantur
1263 3726 1322 3767 uno
1344 3717 1447 3766 tenore
1469 3715 1530 3765 tam
1553 3707 1676 3766 ordina·

338 3811 376 3868 rii
398 3829 486 3887 quam
509 3809 751 3881 extraordinarii,
773 3811 931 3887 probabile
947 3820 992 3870 est
1014 3812 1178 3870 collocatos
1196 3829 1264 3870 esse
1277 3811 1383 3870 ordine
1404 3810 1559 3886 temporis,
1582 3828 1674 3885 quam

339 3913 540 3972 coniecturam
562 3931 640 3988 quae
663 3913 699 3971 de
722 3913 848 3990 singulis
872 3913 998 3972 dicenda
1013 3923 1090 3996 'sunt
1111 3914 1200 3990 plane
1223 3913 1448 3972 confirmabunt.

422 4015 613 4074 Pontificium
641 4034 708 4074 cum
729 4016 830 4074 locum
853 4016 961 4075 habeat
984 4025 1053 4074 ante
1076 4016 1259 4074 tribunatum
1281 4016 1452 4085 militarem,
1475 4013 1621 4074 Messalla
1643 4013 1674 4070 id

338 4125 445 4176 nactus
473 4119 514 4176 sit
540 4134 662 4176 necesse
691 4125 739 4176 est
769 4119 869 4195 prima
903 4125 1010 4176 aetate.
1055 4116 1199 4177 Similiter
1232 4117 1431 4174 consobrinus
1464 4117 1600 4193 aequalis
1635 4115 1673 4173 ad

338 4227 526 4294 auguratum,
549 4237 638 4294 quem
661 4237 715 4294 per
736 4237 830 4278 annos
853 4220 985 4296 quinque
1007 4227 1037 4278 et
1051 4219 1269 4294 quinquaginta
1290 4219 1394 4290 tenuit,
1416 4226 1446 4277 11
1467 4219 1533 4296 ipse
1555 4218 1673 4277 adules-

339 4339 409 4378 cens
432 4322 579 4397 perveuit‚
601 4339 698 4396 neque
721 4322 829 4379 desunt
851 4320 990 4397 exempla
1012 4319 1143 4378 maxime
1164 4320 1317 4379 hominum
1341 4321 1535 4396 patriciorum
1557 4330 1673 4379 mature

338 4423 516 4481 sacerdotiis
549 4431 774 4495 exornatorum,
808 4442 874 4482 cum
909 4422 1103 4498 patriciorum
1130 4421 1264 4480 locorum
1293 4423 1505 4501 competitores
1531 4423 1562 4480 iu
1589 4429 1673 4480 tanta

338 4525 530 4600 patriciorum
554 4525 704 4600 paucitate
726 4543 786 4584 non
809 4525 1003 4584 abundarent.
1044 4522 1226 4583 Nominatur
1246 4535 1343 4584 autem
1363 4534 1519 4601 praeterea
1537 4525 1578 4582 M.
1594 4525 1672 4582 Mes-

338 4629 414 4686 salla
435 4629 517 4688 ,inter
544 4627 699 4704 pontifices
726 4627 777 4704 qui
804 4647 830 4685 a.
854 4627 912 4686 697
941 4627 977 4685 de
1006 4624 1161 4684 Ciceronis
1189 4626 1278 4685 domo
1313 4629 1521 4686 iudicaverunt
1550 4625 1671 4702 (Oicero

336 4730 373 4786 de
399 4731 521 4806 harusp.
548 4748 628 4808 resp.
653 4730 682 4801 6,
713 4728 775 4804 12),
804 4749 864 4806 quo
892 4730 971 4786 huuc
998 4729 1169 4804 significari,
1203 4748 1264 4786 non
1292 4731 1500 4809 cognominem
1529 4745 1671 4805 augurem

338 4832 447 4890 dudum
471 4833 528 4896 viri
549 4832 629 4890 docti
651 4832 865 4891 intellexerunt
887 4830 997 4906 (Bardt
1019 4832 1065 4890 die
1083 4830 1212 4891 Priester
1234 4833 1285 4891 der
1306 4837 1366 4891 oter
1385 4851 1505 4908 pressea
1529 4830 1670 4908 Colleqr'ea

359 4977 365 4991 .
387 4935 424 4992 15
443 4977 449 4992 .

336 4954 355 5010 p
420 4934 561 5110 dequitur
581 5037 751 5095 tribunatus
767 5035 916 5107 militaris,
939 5037 1090 5096 sciliceta
1113 5037 1227 5116 populo
1243 5038 1342 5108 datus,
1364 5056 1451 5113 quem
1468 5037 1567 5112 elogia
1582 5035 1668 5093 huius

235 5211 237 5216 Ι
338 5138 445 5196 aetatis
461 5155 622 5213 numquam
639 5139 785 5197 omissum
802 5156 869 5196 esse
885 5139 1048 5198 ostendunt
1064 5139 1260 5216 (Stactarecltt
1276 5141 1303 5212 1,
1319 5139 1405 5214 418),
1428 5137 1573 5196 Messalla
1595 5135 1669 5194 adeo

334 5239 463 5298 iteravit.
