3620 6050
520 573 818 629 onsnavnrronns
844 575 1131 629 nerentrnrena.
1416 557 1489 632 235

245 755 382 814 Ulterius
410 752 550 829 progredi
576 769 683 826 parum
710 758 804 809 tutum
828 759 881 810 est.
926 749 1004 812 Sana
1027 753 1130 828 quaeri
1158 759 1266 829 potest,
1296 772 1368 811 num
1395 754 1492 812 tribus

160 857 308 916 naturalis
338 855 397 928 Pii,
426 872 504 929 quae
534 854 671 914 Voltinia
700 853 758 911 fuit
786 861 889 930 utpote
919 852 1147 928 NemausensiS,
1177 856 1247 914 item
1277 855 1379 928 Marci,
1410 857 1493 915 cuius

160 961 283 1018 domum
306 959 344 1016 ad
366 956 519 1017 Galeriam
542 955 750 1031 Hispanorum
777 955 957 1030 pertinuisse
985 973 1076 1033 supra
1097 977 1125 1033 p.
1145 957 1203 1016 159
1226 957 1348 1030 conieci,
1377 967 1495 1033 praeter

158 1062 325 1137 legitimam
353 1060 508 1135 Papiriam
537 1059 567 1115 in
596 1077 695 1116 rerum
724 1057 910 1134 publicarum
943 1058 1064 1116 civitate
1096 1059 1272 1118 donatarum
1306 1059 1493 1119 ordinatione

158 1163 312 1222 adhibitae
339 1161 407 1221 siut.
453 1159 566 1221 Similis
595 1161 734 1236 quaestio
760 1161 939 1237 proponitur
969 1178 1029 1218 nou
1055 1169 1117 1220 tam
1139 1161 1175 1218 de
1197 1162 1376 1237 imperatore
1398 1162 1492 1220 Perti·

158 1284 243 1336 nace,
273 1265 326 1339 qui
352 1271 441 1323 natus
463 1263 562 1322 Albae
584 1261 746 1338 Pompeiae
772 1263 802 1319 in
831 1261 960 1322 Camilia
986 1263 1172 1336 censebatur,
1201 1282 1292 1339 quam
1318 1264 1355 1323 de
1382 1262 1494 1325 Severo

159 1367 285 1442 ciasque
310 1366 451 1444 posteris.
495 1365 527 1423 Is
554 1372 642 1422 natus
670 1362 758 1439 Lepti
784 1383 894 1443 magna
919 1365 1033 1442 origine
1066 1365 1103 1424 ad
1130 1365 1284 1442 PapIriam
1314 1366 1494 1441 pertinuisse

159 1470 293 1540 videtur3
315 1487 386 1526 nam
408 1467 519 1526 tribum
533 1464 770 1542 Leptitanorum,
793 1466 850 1524 etsi
864 1467 975 1526 diserte
995 1487 1031 1524 ea
1045 1485 1103 1526 non
1126 1467 1263 1540 traditur,
1287 1487 1354 1526 cum
1378 1467 1496 1526 colonia

157 1571 251 1630 fuerit
271 1569 365 1646 Ulpia
386 1569 520 1628 Traiana
542 1568 610 1644 (Ali
632 1568 698 1645 Bey
720 1568 825 1626 navale
851 1571 862 1625 l
889 1570 948 1628 tab.
968 1571 1005 1628 15
1019 1595 1055 1620 =
1071 1569 1130 1629 vol.
1147 1568 1227 1628 VIII
1249 1589 1277 1627 n.
1300 1569 1362 1644 10),
1390 1587 1495 1629 secuu-

158 1674 230 1732 dum
252 1692 345 1752 supra
367 1671 447 1730 dicta
468 1671 625 1749 probabile
648 1679 693 1730 est
714 1670 808 1729 fuisse
823 1670 985 1746 Papiriam.
1030 1671 1066 1729 Id
1088 1672 1114 1729 si
1136 1673 1178 1730 ita
1200 1679 1255 1743 est,
1278 1671 1375 1731 tribus
1391 1669 1495 1732 Severi

158 1775 306 1834 naturalis
341 1775 444 1834 eadem
477 1782 542 1832 erat
575 1780 665 1849 atque
692 1773 925 1846 Antoninorum,
958 1792 1085 1850 quorum
1119 1775 1205 1850 stirpi
1233 1773 1378 1850 originem
1409 1792 1494 1833 suam

158 1877 265 1937 nescio
293 1877 444 1954 quomodo
473 1876 608 1935 inseruit.
651 1875 756 1934 Potuit
785 1875 906 1934 omnino
928 1883 1052 1953 propter
1074 1867 1265 1954 adoptionem
1287 1877 1411 1936 alteram
1434 1895 1495 1934 non

158 1979 261 2038 minua
283 1979 423 2038 ficticium
445 1979 484 2037 ad
506 1977 664 2038 Camiliam
677 1977 844 2037 Pertinacis
867 1997 900 2038 se
921 1979 1084 2038 transferre
1091 1999 1100 2050 3
1123 1980 1176 2039 sed
1198 1979 1293 2056 magis
1316 1979 1495 2038 crediderim

157 2082 315 2160 Papiriam
338 2101 405 2140 eum
428 2089 561 2140 secutum
583 2098 658 2139 esse.
704 2077 921 2139 Commendant
949 2099 1013 2140 eam
1043 2082 1213 2158 opinionem
1243 2081 1406 2158 municipia
1435 2081 1494 2138 duo

157 2185 308 2243 Africana
339 2185 466 2242 alterum
496 2182 648 2241 Aurelium
676 2182 925 2242 Alexandrianum
951 2183 1113 2259 Aapaatum
1146 2183 1287 2260 Mapaum
1319 2182 1495 2260 Ge'ufitaaum

159 2287 236 2362 (vol.
252 2286 342 2357 VIII,
360 2287 420 2345 866
435 2311 471 2336 =
485 2285 589 2344 Maffei
604 2285 644 2343 M.
661 2285 698 2343 V.
715 2283 785 2358 462,
801 2287 837 2358 43
868 2285 964 2345 Orelli
981 2285 1087 2362 2548),
1110 2286 1235 2344 alterum
1252 2284 1402 2344 Aurelium
1420 2286 1494 2346 Vt'na

158 2388 232 2464 (vol.
249 2388 338 2462 VlII,
355 2389 425 2448 958.
442 2389 502 2447 960
516 2413 552 2438 =
568 2385 682 2446 Gudrin
704 2407 767 2465 vop.
784 2387 812 2459 2,
829 2385 899 2446 264.
921 2387 994 2462 265)
1017 2395 1176 2465 utrumque
1198 2389 1382 2465 adscriptum
1404 2387 1495 2446 tribui

157 2490 317 2567 Papiriae3
349 2511 385 2549 ea
412 2491 490 2550 enim
520 2509 628 2549 nomen
656 2489 813 2548 Aurelium
845 2490 941 2566 magis
974 2499 1021 2549 est
1049 2499 1082 2548 ut
1110 2510 1129 2547 a
1158 2489 1317 2550 Caracalla
1348 2490 1495 2549 traxerim

159 2611 248 2668 quam
272 2593 309 2650 ab
331 2594 513 2669 imperatore
530 2592 631 2668 aliquo
654 2593 766 2651 saeculi
790 2593 923 2652 secundi.
969 2590 1028 2654 Sed
1049 2613 1104 2670 per
1124 2594 1199 2652 haec
1220 2601 1365 2670 tempora,
1386 2593 1494 2668 quibus

159 2697 320 2754 uniuersus
353 2695 472 2772 imperii
500 2695 631 2754 Romani
664 2701 760 2754 status
788 2695 931 2752 dilabitur
964 2703 994 2752 et
1020 2697 1236 2772 corrumpitur,
1269 2714 1318 2754 res
1348 2694 1494 2754 tribuaria

159 2817 280 2874 quoque
302 2804 366 2856 tota
386 2815 508 2873 pessum
529 2797 616 2856 datur
638 2805 669 2856 et
690 2799 909 2873 quodammodo
932 2799 1092 2857 evanescit.
1138 2798 1237 2873 Quam
1262 2799 1301 2856 ob
1329 2817 1392 2856 rem
1421 2797 1493 2856 satis

158 2900 337 2960 habebimus
370 2899 504 2958 florentis
537 2899 654 2976 imperii
687 2919 705 2956 a
739 2898 866 2958 Claudio
900 2901 938 2959 ad
971 2899 1157 2959 Hadrianum
1190 2901 1285 2978 legem
1318 2900 1494 2958 tribuariam

158 3003 331 3080 repperisse
357 3011 388 3060 et
414 3002 628 3074 declaravisse3
662 3021 698 3060 ea
727 3002 805 3060 enim
838 3003 1000 3078 prudenter
1029 3003 1163 3062 adhibita
1195 3022 1255 3062 non
1287 3003 1391 3061 dubito
1420 3003 1491 3077 quin

159 3105 297 3182 quaestio
320 3123 451 3163 summae
474 3105 641 3182 gravitatis,
664 3123 717 3180 per
739 3123 814 3180 quoa
837 3105 950 3182 gradus
977 3105 1082 3164 civitas
1104 3105 1242 3164 Romana
1262 3105 1300 3164 ad
1321 3103 1492 3182 provincias

158 3206 268 3266 Latine
291 3207 449 3284 loquentes
471 3214 639 3284 propagata
661 3207 709 3279 sit,
732 3219 848 3283 praeter
871 3225 955 3284 spem
977 3227 1056 3266 nova
1077 3208 1143 3267 luce
1164 3208 1341 3267 illustretur.

411 3528 544 3624 XXI.
604 3526 870 3624 CYRIAOI
899 3527 1243 3623 THRAOIOA.

243 3741 294 3799 Ad
321 3741 417 3800 libros
445 3743 572 3819 scriptos
598 3741 709 3819 oppido
736 3759 860 3818 paeana,
887 3742 994 3818 quibus
1019 3739 1136 3802 Graeca
1158 3739 1372 3818 epigrammata
1393 3759 1411 3797 a
1434 3737 1493 3816 Cy·

159 3845 241 3903 riaco
264 3851 392 3921 excepta
413 3845 611 3916 continentur,
638 3863 733 3919 nuper
759 3848 889 3902 accessit
914 3845 1059 3904 beneficio
1085 3863 1152 3902 cum
1174 3843 1338 3900 amicorum
1358 3859 1493 3899 meorum

162 3945 265 4006 Caroli
289 3946 514 4022 Zangemeister
534 3955 564 4004 et
585 3945 710 4006 Henrici
734 3945 908 4022 Oldenberg
934 3954 996 4006 tum
1022 3947 1135 4006 domini
1162 3945 1231 4004 libri
1252 3946 1311 4003 viri
1331 3943 1492 4021 magnifici,

160 4050 257 4108 adhuc
283 4049 405 4125 Ignotus
431 4049 734 4108 Ashburnhamianus
761 4047 972 4108 Librianorum
995 4070 1024 4108 n.
1043 4049 1133 4121 1174,
1161 4049 1188 4107 is
1217 4047 1282 4124 ipse
1308 4065 1397 4123 quem
1419 4045 1493 4104 Vin-

161 4153 277 4210 centius
307 4151 489 4228 Borghinius
518 4151 549 4208 in
578 4152 680 4210 codiee
709 4150 881 4208 Florentino
910 4151 1185 4227 Magliabecehiano
1206 4151 1244 4223 P,
1261 4151 1310 4223 to,
1335 4149 1393 4209 109
1422 4149 1494 4208 citat

162 4256 215 4312 sub
238 4253 359 4311 nomine
388 4253 483 4312 libelli
505 4253 557 4328 qui
578 4253 734 4312 Francisci
754 4252 928 4311 Pandulfini
952 4253 1022 4324 fuit3
1050 4272 1119 4312 nam
1146 4254 1365 4330 praescriptum
1392 4253 1420 4310 ei
1448 4259 1495 4310 est

158 4349 330 4414 ‘Francisci
352 4354 557 4431 Pandulphini
579 4365 609 4414 et
631 4349 806 4414 amicorum’
829 4355 1010 4432 redeuntque
1033 4364 1177 4433 excerpta
1197 4355 1267 4414 inde
1289 4374 1308 4412 a
1329 4354 1494 4432 Borghinio

159 4458 190 4516 in
205 4457 495 4516 Ashburnhamiano
517 4457 626 4517 omnia.
669 4458 824 4534 Leguntur
844 4455 961 4517 Graeca
982 4458 1035 4516 illa
1056 4459 1077 4518 f.
1096 4457 1269 4518 188-192.
1307 4456 1495 4515 Praecednnt

161 4559 244 4619 locus
267 4559 435 4618 Ptolemaei
459 4559 609 4634 3,13,47
634 4559 670 4620 de
691 4559 806 4620 Lemno
832 4561 933 4620 insula
959 4568 989 4620 et
1013 4563 1198 4638 epigramma
1225 4561 1257 4620 in
1278 4559 1419 4619 Brandae
1440 4559 1492 4616 ho-

161 4681 262 4720 norem
295 4659 411 4722 Graece
440 4682 458 4722 a
485 4660 615 4740 Cyriaoo
645 4663 789 4740 scriptum
817 4663 927 4722 editum
956 4665 993 4722 ab
1022 4662 1155 4722 Oliverio
1181 4683 1210 4740 p.
1229 4663 1277 4722 63.
1323 4660 1494 4738 Sequuntur

70 4783 73 4786 ·
163 4765 242 4824 tituli
264 4763 407 4840 descripti
430 4763 617 4841 Selymbriae
639 4773 668 4823 et
689 4765 825 4823 Perinthi
846 4766 869 4823 ii
890 4765 961 4839 fere,
988 4784 1064 4842 quos
1086 4765 1157 4824 item
1179 4765 1269 4824 habet
1289 4765 1366 4823 liber
1388 4763 1493 4840 Cyria-

161 4885 254 4926 canus
281 4865 475 4925 Manutianus
498 4866 580 4926 5250
609 4867 686 4942 (dixi
714 4865 750 4924 de
777 4886 813 4925 eo
839 4867 962 4925 volllI
982 4887 1011 4944 p.
1031 4867 1104 4943 131)
1131 4867 1259 4943 indeque
1286 4885 1381 4943 nuper
1402 4865 1495 4926 edidit

160 4968 306 5026 Albertus
327 4967 464 5028 Dumont
490 4969 687 5046 (iaaort'ptioas
720 4979 746 5027 et
770 4977 941 5027 monuments
957 4970 1066 5046 flqure'a
1089 4971 1123 5026 de
1146 4969 1175 5026 la
1201 4969 1321 5028 Thrace.
1366 4969 1494 5028 Parisiis

164 5071 267 5146 1876).
313 5069 478 5128 Vaticanus
505 5071 581 5129 liber
607 5089 675 5130 cum
696 5070 785 5146 longe
807 5069 924 5145 plenior
945 5077 975 5130 et
1000 5071 1031 5130 in
1053 5071 1226 5130 universum
1249 5071 1434 5130 emendatior
1455 5072 1495 5129 sit

163 5190 251 5246 quam
280 5171 597 5246 Ashburnhamianus,
628 5191 688 5230 uon
715 5172 841 5231 multum
869 5191 907 5230 ex
933 5172 989 5230 hoc
1018 5172 1206 5249 proficimus3
1234 5190 1290 5249 ego
1321 5173 1493 5250 suppressis

164 5273 313 5333 erroribus
339 5273 495 5332 inutilibus
523 5275 597 5334 satis
624 5273 714 5334 habui
739 5273 867 5334 breviter
892 5273 1024 5333 indicare
1050 5275 1101 5352 qui
1122 5273 1198 5333 tituli
1219 5273 1251 5332 in
1272 5275 1330 5334 hoc
1350 5274 1429 5334 libro
1451 5275 1493 5334 le·

164 5383 271 5450 gantur
294 5383 324 5435 et
346 5375 433 5435 utilia
456 5375 483 5436 si
505 5394 564 5454 qua
585 5376 704 5456 repperi
725 5376 841 5438 afferre.
