3632 6040
360 634 405 705 66
948 653 1094 704 rosum

357 847 417 884 non
433 825 558 902 putoad
573 826 677 884 aedem
693 844 759 884 eam
776 826 812 884 de
831 845 891 901 qua
913 825 1030 902 agimus
1052 827 1220 903 pertinere:
1258 825 1284 882 si
1306 827 1445 903 pertinet,
1468 836 1513 885 est
1535 827 1693 904 nugatorie

356 930 407 1004 qui
430 938 534 987 contra
558 929 730 986 memoriam
753 930 932 1006 optimorum
960 929 1111 987 annalium
1139 929 1242 986 aedem
1264 946 1387 989 sacram
1411 926 1584 1004 Capitolina
1608 929 1692 987 Iovis

357 1019 556 1106 antiquiorem
580 1032 733 1089 confinxit.
768 1032 885 1108 quade
907 1051 939 1088 re
962 1031 1032 1089 alibi
1056 1029 1161 1088 dicam.
1195 1029 1376 1106 reliquorum
1405 1031 1557 1089 annalium
1581 1031 1692 1089 discre-

355 1135 461 1208 pantia
482 1135 556 1191 haee
578 1143 632 1192 est.
671 1133 792 1209 scripsit
806 1133 903 1192 Varro
925 1133 946 1192 l.
962 1133 1005 1191 VI
1029 1133 1195 1192 divinarum
1211 1135 1308 1191 aedem
1324 1132 1446 1192 Saturni
1467 1135 1508 1191 ud
1522 1136 1622 1209 sorum
1639 1135 1692 1208 fu·

358 1237 486 1294 ciendam
510 1237 619 1295 locasse
634 1235 672 1292 L.
697 1236 885 1312 Tarquinium
907 1253 1008 1312 rupem,
1035 1236 1128 1293 Titum
1149 1254 1215 1294 aera
1237 1235 1376 1293 Larcium
1398 1237 1562 1294 dictatorcm
1586 1234 1693 1293 Sutur-

357 1339 472 1396 nuiibue
496 1357 556 1396 cam
579 1339 735 1396 dedicasse.
779 1339 853 1396 baec
875 1357 914 1396 ex
937 1347 1020 1413 parte
1042 1338 1224 1396 conveniunt
1239 1335 1436 1414 Dionysianis
1459 1338 1478 1395 l.
1495 1357 1521 1396 o.
1559 1339 1587 1396 is
1610 1339 1692 1395 enim

355 1450 516 1516 postquam
539 1460 565 1498 a.
581 1439 639 1498 257
664 1441 740 1498 dixit
762 1440 929 1498 dedicatam
952 1459 1019 1499 esse
1041 1440 1144 1496 aedem
1167 1435 1416 1523 (καθιερωθῆναι
1440 1459 1508 1497 nam
1532 1457 1691 1499 consecra-

354 1543 397 1600 tio
420 1545 579 1610 coniunctu
600 1551 647 1600 est
669 1562 735 1601 eum
759 1543 946 1601 dedicatione
974 1545 1012 1600 ob
1039 1560 1164 1618 eamque
1193 1561 1255 1600 rem
1279 1540 1389 1602 Graeci
1417 1543 1580 1619 scriptores
1607 1542 1690 1601 dedi-

355 1646 501 1703 cationem
531 1645 670 1703 sollemni
699 1665 781 1703 more
804 1646 861 1703 hoc
887 1645 1035 1704 vocabulo
1062 1645 1255 1722 significant),
1287 1663 1429 1720 aramque
1457 1645 1530 1702 olim
1558 1643 1690 1705 Saturno

353 1747 546 1806 constitutam
573 1765 639 1806 esse
667 1748 704 1806 ab
727 1747 858 1806 Hercule
885 1747 990 1806 eodem
1012 1747 1090 1819 loco,
1113 1747 1155 1805 ita
1177 1747 1291 1824 pergit:
1318 1741 1367 1818 riv
1390 1735 1421 1804 δὲ
1443 1741 1606 1831 ἐπιγραφὴν
1633 1747 1692 1822 (ita

354 1846 514 1908 Reiskius:
541 1843 655 1932 (γραφὴν
684 1849 817 1925 codices)
845 1850 895 1920 τῆς
921 1839 1057 1933 ἱδρύσεως
1083 1851 1136 1906 rod
1162 1851 1231 1907 ναοῦ
1257 1837 1329 1910 τινὲς
1350 1837 1398 1917 μὲν
1419 1848 1560 1932 ἱστοροῦσι
1583 1841 1691 1914 λαβεῖν

355 1944 437 2008 Τι’τον
452 1941 572 2034 Λάρκιον
594 1947 642 2009 τᾶν
664 1942 871 2008 ὑπατεύσαντα
893 1953 934 2028 τῷ
956 1942 1083 2035 πρόοθεν
1106 1951 1236 2028 ἐνιαυτῷ,
1263 1951 1287 2009 οἳ
1309 1939 1340 2008 δὲ
1361 1941 1409 2009 καὶ
1430 1942 1561 2016 Sosibius
1575 1941 1690 2035 Tupuv'·

355 2077 409 2110 νιον
427 2048 475 2110 τᾶν
491 2044 648 2110 ἐκπεσόντα
668 2055 719 2115 οἷς
741 2049 847 2138 ἀρχῆς·
871 2048 919 2124 τὴν
936 2043 966 2110 δὲ
988 2044 1161 2137 καθιέρωσιν
1183 2055 1235 2110 τοῦ
1257 2055 1327 2110 vorti
1348 2045 1453 2118 λαβεῖν
1468 2047 1614 2123 Πόστομον
1629 2057 1689 2110 Κο-

352 2148 438 2224 μίνιον
459 2151 536 2212 acrrri
559 2145 707 2232 ψήφισμα
729 2148 852 2227 βουλῆς.
897 2159 971 2214 haec
993 2164 1045 2215 aut
1067 2164 1209 2233 corrupta
1231 2165 1283 2215 aut
1304 2157 1448 2234 Dionysii
1472 2157 1562 2236 eulpa
1583 2177 1623 2216 ex
1645 2157 1690 2214 di-

353 2259 450 2317 versis
472 2258 667 2318 relationibus
691 2260 768 2318 male
792 2260 995 2318 contaminata
1015 2277 1083 2318 esse
1106 2271 1239 2336 apparet.
1283 2278 1379 2337 neque
1405 2277 1459 2335 pro
1482 2279 1518 2318 eo
1541 2260 1621 2336 quod
1644 2268 1689 2317 est

352 2361 382 2418 in
404 2361 490 2420 libris
515 2356 631 2444 γραφὴν
654 2363 733 2420 aliud
762 2381 852 2438 quam
879 2355 1041 2444 incapacia
1069 2361 1185 2420 efficere
1212 2363 1293 2420 lieet.
1338 2363 1381 2421 sic
1407 2363 1485 2420 enim
1512 2363 1548 2420 de
1570 2371 1634 2420 tota
1655 2383 1688 2420 re

353 2471 405 2521 aut
432 2467 571 2540 exposuit
598 2464 768 2540 Dionysius
796 2475 847 2523 aut
875 2465 977 2522 debuit
1003 2483 1168 2538 exponere:
1203 2464 1250 2539 (1)
1280 2483 1306 2521 a.
1337 2463 1395 2523 257
1424 2464 1591 2522 dedicatam
1619 2483 1685 2524 esse

353 2567 457 2624 aedem
479 2561 738 2648 (καθιερωθῆναι),
762 2585 869 2625 nomen
891 2567 1082 2641 inscripsisse
1104 2600 1142 2608 —
1165 2567 1304 2624 nimirum
1327 2567 1380 2641 qui
1401 2565 1568 2624 faciendam
1590 2567 1685 2624 locas-

353 2679 400 2726 set
415 2701 454 2710 -
470 2687 531 2727 cos.
555 2688 582 2726 a.
600 2667 658 2727 253
684 2669 721 2726 T.
746 2669 884 2727 Larcium
908 2669 999 2743 (unde
1022 2668 1164 2726 discimus
1188 2670 1362 2744 scriptorem
1380 2669 1443 2726 eius
1466 2668 1584 2727 annalis
1608 2669 1684 2726 unde

352 2771 426 2828 haee
447 2771 598 2829 fluxerunt
619 2772 855 2830 controversiam
884 2772 920 2828 de
945 2771 1010 2828 iure
1037 2771 1216 2829 inscribendi
1245 2791 1353 2830 nomen
1376 2770 1540 2846 tetigissc);
1567 2769 1616 2846 (2)
1639 2789 1683 2828 se-

352 2875 482 2931 cundum
510 2873 586 2931 alios
613 2873 779 2932 faciendam
807 2874 922 2932 locasse
950 2873 1060 2949 (neque
1087 2893 1157 2932 vero
1184 2891 1292 2931 nornen
1320 2873 1527 2949 inscripsisse)
1549 2873 1585 2932 L.
1609 2873 1684 2931 Tar·

352 2977 503 3051 quinium,
531 2976 686 3034 dedicasse
715 2995 775 3035 cos.
799 2995 825 3034 a.
850 2974 908 3035 253
938 2977 1065 3034 alterum
1091 2975 1175 3034 Post.
1204 2974 1381 3035 Cominium.
1425 2977 1568 3034 habemus
1595 2975 1685 3052 igitur

353 3079 459 3154 quibus
486 3079 518 3136 in
546 3079 705 3137 annalibus
728 3079 876 3136 dedicatio
904 3079 987 3136 aedis
1011 3076 1133 3138 Saturni
1162 3079 1295 3154 ascripta
1322 3079 1379 3137 tuit
1401 3096 1495 3138 annos
1520 3077 1589 3137 253.
1615 3077 1681 3136 257.

351 3181 400 3239 bis
423 3181 538 3239 accedit
560 3181 666 3238 tertius
689 3181 849 3239 secundum
873 3179 1004 3239 Gellium
1028 3180 1123 3256 (apud
1144 3181 1266 3256 Maur.):
1290 3192 1417 3240 senatum
1438 3183 1564 3240 demeare
1585 3189 1617 3239 ut
1638 3199 1683 3236 uc-

353 3285 401 3340 des
424 3283 547 3342 Saturni
561 3284 645 3358 fieret
666 3287 745 3358 cique
767 3287 810 3341 rai
825 3282 862 3340 L.
887 3284 1008 3340 fibrium
1029 3284 1171 3341 triburmm
1192 3284 1308 3341 militam
1326 3285 1499 3360 praefuisse,
1522 3283 1606 3360 quod
1631 3301 1683 3360 po·

351 3394 412 3442 test
434 3385 596 3460 ascriptum
619 3386 713 3444 fuisse
736 3386 773 3444 ad
796 3403 891 3442 annos
916 3385 1090 3444 347-363.
1107 3387 1176 3445 373.
1194 3385 1264 3444 384.
1302 3403 1395 3445 causa
1417 3386 1574 3445 dissensus
1592 3383 1682 3446 Gellii

351 3489 382 3544 in
405 3487 531 3546 obscuro
555 3497 610 3558 est,
637 3488 668 3544 in
697 3489 804 3547 ceteris
832 3487 991 3546 annalibus
1019 3487 1137 3546 videtur
1164 3508 1182 3545 a
1204 3488 1331 3547 diversis
1353 3489 1389 3546 de
1415 3489 1506 3566 primi
1528 3488 1683 3546 dictatoris

352 3591 439 3648 annis
455 3591 647 3668 opinionibus
670 3592 812 3666 pendere:
836 3591 935 3667 itaque
958 3591 1083 3667 primam
1099 3599 1169 3668 post
1190 3609 1276 3668 reges
1300 3599 1424 3650 exactos
1440 3591 1542 3649 aedem
1567 3609 1681 3650 sacram

351 3693 433 3752 Iovis
449 3691 615 3769 Capitolini
639 3693 800 3752 secundum
823 3693 918 3750 fastos
935 3693 1124 3752 dedicaverat
1146 3693 1251 3751 consul
1271 3694 1396 3770 primur,
1419 3693 1543 3752 alteram
1561 3690 1682 3753 Saturni

350 3796 464 3871 primus
488 3797 624 3854 dictator.
643 3829 681 3838 —
697 3803 768 3853 nota
791 3795 958 3852 Varronem
981 3796 1079 3854 dicere
1105 3798 1201 3853 uadem
1224 3794 1345 3854 Saturni
1365 3797 1406 3853 ud
1419 3797 1527 3870 furum.

436 3899 463 3956 2.
507 3899 602 3958 Aedis
625 3896 748 3958 Saturni
771 3898 808 3954 ad
830 3898 926 3956 forum
950 3905 1018 3956 ante
1041 3905 1165 3956 mortem
1185 3896 1341 3956 Ciceronis
1363 3917 1432 3956 raro
1455 3899 1580 3956 annales
1603 3916 1682 3956 men·

350 4001 462 4058 tionem
484 4001 607 4059 fuciunt.
651 4002 695 4059 ita
721 4001 761 4058 ud
786 4002 883 4058 aedem
906 3999 1026 4059 Summi
1051 4001 1237 4058 immolatum
1266 4021 1292 4058 s.
1317 4000 1387 4072 537,
1416 4000 1586 4076 prodigium
1609 4017 1683 4056 nun-

350 4103 455 4160 tiatum
479 4122 564 4162 arcus
579 4105 703 4162 interdiu
725 4121 822 4162 screno
838 4103 916 4160 caeto
936 4121 1024 4178 super
1039 4104 1135 4160 aedem
1151 4101 1271 4161 Saturni
1284 4106 1315 4160 in
1330 4104 1400 4176 fora
1415 4103 1544 4160 Romano
1566 4121 1593 4160 a.
1612 4101 1681 4173 580,

350 4205 616 4280 eodemqueanno
640 4223 780 4264 censores
807 4205 908 4262 cliuum
940 4205 1132 4280 Capitolinum
1158 4205 1239 4262 silice
1265 4207 1444 4263 sternendum
1467 4214 1640 4263 curaverunt
1660 4215 1684 4262 et

346 4309 488 4381 porticum
514 4307 549 4364 ab
580 4307 649 4365 uada
676 4305 797 4365 Saturni
824 4311 855 4364 in
884 4307 1055 4382 Capitolium
1083 4308 1123 4364 ud
1153 4309 1316 4365 senaculum
1343 4326 1378 4366 uc
1404 4326 1489 4382 super
1514 4310 1548 4365 id
1573 4311 1683 4366 curium

352 4407 433 4485 (Liv.
458 4407 620 4480 22,1,19.
645 4410 694 4481 41,
712 4407 760 4480 21,
781 4407 826 4466 12.
854 4407 900 4482 17,
918 4409 960 4484 7).
1005 4409 1108 4467 eadem
1125 4417 1222 4468 aetate
1243 4410 1318 4468 scito
1339 4409 1488 4466 aerarium
1503 4410 1608 4486 populi
1622 4410 1682 4466 Ro·

350 4511 431 4569 mani
454 4511 680 4568 commemorari
704 4511 892 4587 saepissime,
915 4529 1064 4586 nusquam
1087 4530 1157 4569 vero
1180 4511 1272 4570 fuisse
1295 4511 1353 4569 dici
1375 4511 1405 4568 in
1430 4509 1550 4570 Saturni
1566 4510 1682 4589 Opisve

351 4615 439 4671 aede:
464 4613 612 4671 aerarium
635 4613 811 4689 simpliciter
833 4613 940 4670 dicitur
962 4613 1050 4671 etiam
1073 4613 1104 4670 in
1126 4614 1242 4689 legibus
1265 4613 1372 4672 aetatis
1393 4611 1587 4673 Gracchanae
1602 4613 1681 4671 Ban-

348 4716 412 4772 tina
434 4723 463 4772 et
484 4716 725 4790 repetundarum.
770 4723 802 4772 at
824 4715 971 4772 viatorum
994 4715 1233 4790 quaestoriorum
1257 4716 1378 4774 nomina
1402 4717 1569 4792 perscripta
1589 4716 1683 4774 fuisse

350 4820 391 4875 ud
412 4819 508 4876 aedem
531 4816 654 4876 Saturni
681 4821 711 4875 in
729 4821 842 4893 pariete
869 4821 946 4876 intra
973 4819 1073 4876 caulas
1097 4818 1218 4894 (CAVtAS
1241 4817 1306 4894 aes)
1333 4825 1460 4876 testatur
1483 4816 1610 4877 Sullana
1631 4818 1681 4876 lex

350 4919 386 4975 de
413 4937 453 4976 xx
480 4921 691 4996 quaestoribus
720 4921 752 4978 in
773 4921 848 4996 ipsis
877 4930 910 4978 ut
935 4921 1062 4978 traditur
1088 4921 1191 4995 templi
1220 4918 1342 4980 Saturni
1370 4919 1524 4995 parietinis
1552 4930 1680 4996 reperta.

349 5021 476 5094 denique
504 5021 599 5080 Varro
632 5023 717 5080 libris
750 5023 786 5080 de
819 5023 922 5100 lingua
953 5023 1047 5080 latina
1080 5023 1202 5100 seriptis
1235 5030 1304 5080 ante
1337 5041 1446 5080 annum
1471 5021 1526 5078 lll
1561 5022 1680 5098 (5,183

349 5143 377 5199 p.
398 5121 456 5179 182
473 5120 540 5199 Sp.)
560 5144 614 5199 per
636 5129 772 5183 trutinum
794 5125 836 5182 ait
857 5127 931 5182 solui
945 5126 1058 5183 solitum
1079 5129 1227 5200 uestipium
1245 5129 1326 5183 etiarn
1348 5143 1423 5182 nunc
1443 5133 1538 5182 manat
1558 5128 1589 5182 in
1611 5125 1680 5180 uada

350 5223 482 5294 Saturni,
505 5229 581 5300 quud
596 5245 629 5283 eu
651 5230 735 5284 etium
749 5246 824 5285 nunc
836 5237 957 5302 propter
966 5247 1123 5303 pensuram
1138 5231 1274 5284 trutinum
1290 5226 1372 5284 lubet
1383 5229 1519 5301 positam.
1563 5227 1599 5284 ub
1614 5244 1679 5282 aere

349 5330 501 5385 aerarium.
544 5328 645 5402 itaque
667 5329 737 5386 licet
759 5333 904 5387 aerarium
920 5327 1043 5388 Saturni
1064 5349 1171 5388 nomen
1192 5337 1335 5405 quantum
1358 5328 1449 5386 sciam
1465 5336 1535 5404 post
1550 5327 1679 5403 Augusti
