3632 6040
396 961 480 1074 llll
515 959 733 1073 sistis
770 953 1317 1072 SAOllRDO'lALlBVS
1354 955 1461 1074 0111
1488 952 1688 1068 VVLGO

596 1128 953 1245 AVGVRIBVS
993 1127 1497 1240 ATTRlBVVNTVR.

968 1364 1121 1372 Μ

377 1499 477 1624 Inter
498 1564 644 1622 fastorum
668 1561 897 1620 sacerdotalium
920 1559 1071 1636 lapidibus
1093 1558 1258 1618 incisurum
1284 1558 1427 1636 reliquias
1452 1558 1628 1635 primarium
1650 1558 1702 1616 fere

376 1667 477 1724 locum
500 1667 614 1724 obtinet
635 1665 738 1723 tabula
758 1664 881 1742 lapidea
902 1682 991 1740 quam
1012 1659 1172 1740 ‘repertam
1190 1661 1306 1720 Romae
1328 1663 1359 1720 in
1381 1661 1455 1719 aede
1477 1680 1560 1740 nova
1582 1659 1613 1720 S.
1629 1660 1702 1718 Petri

375 1769 407 1826 in
423 1767 571 1826 Vaticano
596 1767 675 1826 1596
698 1785 801 1826 mense
823 1761 923 1824 Iunio'
946 1765 1061 1841 primus
1084 1783 1119 1823 ae
1141 1765 1201 1823 nisi
1221 1764 1313 1822 fallor
1335 1781 1412 1822 unus
1435 1764 1517 1840 typis
1542 1763 1701 1821 mandatam

377 1871 470 1929 edidit
486 1869 632 1930 Gruterus
655 1890 684 1946 p.
702 1869 771 1942 300,
790 1871 822 1940 13
846 1876 960 1944 septem
982 1868 1071 1943 primi
1094 1867 1215 1926 tabulae
1230 1884 1333 1926 versus
1354 1867 1444 1926 etiam
1465 1866 1548 1943 apud
1563 1865 1700 1925 Orellium

376 1993 405 2034 n.
422 1973 482 2032 725
511 1992 550 2032 ex
578 1971 710 2032 Grutero
738 1972 887 2047 desumpti
915 1971 1063 2048 leguntur.
1107 1969 1264 2028 Pertinere
1291 1970 1424 2028 tabulam
1451 1969 1491 2028 ad
1525 1968 1700 2027 sacerdotale

375 2076 499 2151 aliquod
520 2075 724 2134 Romanorum
746 2075 916 2152 collegium,
943 2072 1136 2131 manifestum
1163 2083 1222 2142 est3
1251 2072 1369 2131 cuinam
1397 2080 1498 2130 autem
1523 2072 1647 2150 collegio
1667 2070 1701 2128 sit

375 2179 565 2237 attribuenda
586 2197 653 2236 curn
675 2197 714 2237 ex
735 2179 803 2254 ipsa
825 2177 926 2236 tabula
947 2195 1008 2234 non
1030 2184 1185 2253 appareat,
1199 2175 1386 2251 Borghesius
1407 2175 1533 2234 definire
1556 2174 1700 2252 temptavit

375 2281 509 2340 adhibito
524 2280 584 2339 alio
606 2281 773 2358 fragmento
794 2279 864 2338 item
886 2279 1033 2338 fastorum
1049 2277 1168 2354 collegii
1183 2277 1309 2336 alieuius
1325 2278 1517 2336 sacerdotum
1540 2285 1654 2355 reperto
1673 2277 1699 2334 in

374 2383 441 2441 foro
464 2383 651 2442 Romanoa.
677 2382 753 2440 1811
781 2382 907 2458 (editum
929 2392 975 2440 est
996 2388 1065 2460 post
1087 2381 1162 2440 alios
1185 2381 1223 2438 ab
1247 2380 1391 2439 Henzeno
1414 2401 1442 2440 n.
1460 2379 1542 2440 6021
1575 2389 1604 2438 et
1626 2377 1696 2437 c.1.

373 2485 410 2544 L.
433 2486 459 2556 Ι,
481 2506 511 2563 p.
528 2485 613 2560 465).
657 2485 724 2544 Hoc
751 2485 782 2542 in
809 2485 976 2560 fragmento
1002 2483 1037 2542 L.
1062 2481 1271 2562 Sempronium
1299 2483 1474 2542 Atratinum
1504 2502 1523 2540 a
1546 2483 1606 2540 714
1632 2482 1697 2539 inter

374 2587 547 2648 sacerdotes
569 2605 635 2646 esse
658 2594 830 2664 cooptatum
851 2587 969 2664 legitur,
998 2604 1085 2662 quem
1107 2585 1259 2644 hominem
1281 2587 1408 2644 eundem
1431 2603 1501 2644 esse
1524 2584 1696 2662 Borghesins

374 2691 479 2749 statuit
511 2710 546 2750 ac
577 2689 614 2748 L.
641 2691 816 2748 Atratinum
849 2689 900 2766 qui
933 2690 964 2748 in
997 2689 1127 2747 nummis
1154 2689 1194 2748 M.
1221 2689 1348 2748 Antonii
1381 2685 1503 2764 (Cohen
1532 2685 1696 2764 Sempronia
1782 2761 1783 2764 Ἴ

377 2792 522 2869 19-16)
550 2810 646 2869 augur
667 2803 801 2864 vocetur3
830 2792 932 2868 itaque
954 2799 984 2851 et
1005 2793 1062 2850 hoe
1083 2791 1284 2869 fragmentum
1307 2808 1452 2868 angurum
1473 2791 1602 2868 collegio
1624 2787 1694 2848 attri-

373 2895 454 2967 buit,
478 2902 507 2953 et
533 2913 599 2953 eum
627 2895 657 2954 id
680 2902 795 2970 partem
818 2891 972 2970 (‘pezzn’)
1000 2893 1135 2952 crederet
1155 2894 1274 2953 tabulae
1295 2892 1378 2952 illius
1408 2893 1444 2950 de
1466 2911 1530 2969 qua
1549 2901 1615 2952 ante
1641 2889 1694 2949 dixi

376 2997 577 3058 Gruterianae
598 3019 628 3074 p.
645 2997 715 3068 300,
733 2998 760 3069 1,
782 2999 860 3056 hauc
882 3015 1001 3074 quoque
1023 2997 1155 3056 tabulam
1178 2996 1324 3056 fastorum
1346 3014 1494 3074 augurum
1510 3006 1624 3076 partem
1637 3010 1693 3051 esse

373 3101 517 3160 iudicavit
547 3100 727 3176 (ossuum.
751 3100 980 3171 7,7=oeuvr.
1007 3101 1033 3172 1,
1050 3099 1120 3158 349.
1145 3097 1229 3174 350).
1274 3099 1413 3175 Denique
1439 3100 1563 3158 tertium
1589 3113 1693 3175 quoque
1781 3089 1782 3142 1

374 3203 607 3264 sacerdotalium
633 3203 785 3262 fastorum'
808 3201 1021 3280 fragmentum,
1050 3221 1069 3259 a
1088 3201 1234 3260 Fabretto
1256 3201 1327 3276 494,
1353 3203 1411 3262 188
1440 3209 1470 3261 et
1498 3223 1518 3261 a
1541 3197 1692 3261 Muratorio

373 3325 402 3382 p.
420 3305 524 3379 3509
548 3305 669 3378 editum,
692 3305 856 3384 auguribus
879 3305 1041 3381 adscripsit
1069 3303 1171 3380 (mem.
1194 3305 1262 3364 dell’
1286 3305 1355 3364 inst.
1382 3308 1409 3376 1,
1426 3303 1486 3365 958
1503 3332 1540 3357 --
1554 3323 1648 3364 oeuvr.
1669 3301 1691 3368 3,

374 3409 458 3484 394).
503 3405 604 3468 Secuti
631 3416 701 3466 sunt
726 3407 928 3486 Borghesium
953 3407 1032 3466 inter
1058 3407 1135 3466 alios
1158 3406 1335 3483 Marquardt
1355 3407 1526 3468 Handbuch
1549 3409 1578 3480 4,
1600 3426 1626 3482 p.
1644 3400 1690 3462 181

373 3520 433 3570 not.
465 3511 544 3570 1079
572 3531 601 3588 p.
625 3510 684 3569 347
711 3522 772 3570 not.
797 3508 877 3568 2302
906 3519 937 3569 et
965 3509 1090 3569 Henzen
1116 3509 1146 3568 ll.
1176 3529 1219 3569 cc.
1262 3510 1303 3568 Et
1329 3510 1560 3570 Henzenianum
1587 3508 1690 3586 quidem

372 3614 572 3690 fragmentum
594 3621 673 3672 recte
696 3631 794 3688 exque
817 3614 891 3672 satis
914 3612 1021 3671 idonea
1043 3629 1135 3672 causa
1157 3633 1175 3672 a
1196 3612 1364 3692 Borghesio
1387 3613 1552 3690 auguribus
1574 3629 1638 3671 esse
1657 3616 1691 3666 at·

372 3715 512 3776 tributum
539 3733 643 3774 omnes
668 3715 758 3774 facile
780 3717 952 3787 concedent,
980 3717 1033 3774 sed
1060 3715 1170 3791 quibus
1197 3715 1298 3775 causis
1330 3723 1430 3776 motus
1451 3715 1636 3794 Borghesius
1656 3719 1691 3767 a·
1779 3743 1780 3750 .

372 3819 472 3878 bulam
505 3816 719 3878 Gruterianam
752 3827 867 3894 partem
900 3836 968 3878 esse
1000 3818 1145 3877 fastorum
1178 3818 1312 3877 eiusdem
1346 3819 1465 3897 collegii
1500 3817 1635 3878 statuerit
1666 3819 1690 3868 et

372 3922 448 3981 banc
469 3939 590 3998 quoque
612 3921 746 3978 tabulam
768 3921 806 3978 ad
831 3938 959 3996 augures
987 3921 1144 3994 rettulerit,
1172 3921 1321 3997 quibusve
1349 3923 1448 3980 causis
1476 3930 1582 3999 postea
1602 3919 1690 3977 Mura-

372 4025 519 4082 torianam
545 4041 664 4100 quoque
685 4023 816 4081 tabulam
835 4023 999 4101 auguribus
1021 4023 1200 4096 attribuerit,
1222 4041 1319 4099 neque
1340 4024 1407 4100 ipse
1422 4023 1605 4102 Borghesius
1627 4016 1689 4078 satis
1778 4027 1779 4032 ’

372 4125 587 4185 demonstravit
612 4143 709 4202 neque
736 4125 764 4183 ei
791 4125 840 4201 qui
868 4125 899 4182 in
927 4127 1077 4184 sententia
1104 4126 1168 4185 eius
1195 4126 1417 4202 acquieverunt,
1438 4146 1537 4204 neque
1559 4142 1611 4200 ego
1631 4138 1689 4197 per·

373 4228 477 4304 spicio.
523 4227 602 4288 Sane
623 4227 779 4285 intercedit
800 4227 963 4286 similitudo
987 4228 1134 4304 quaedam
1159 4233 1237 4287 inter
1257 4228 1486 4288 Henzenianum
1512 4221 1689 4287 hauddubie

372 4331 411 4388 ad
433 4346 577 4405 augurum
599 4329 694 4388 fastos
717 4329 867 4405 pertinens
889 4330 1088 4407 fragmentum
1118 4342 1147 4388 et
1170 4328 1383 4390 Gruterianam
1405 4331 1687 4398 Muratorianamque

367 4432 504 4500 tabulas:
528 4441 589 4490 tres
611 4431 683 4488 illae
704 4431 918 4508 inscriptiones
940 4432 983 4489 ita
1005 4433 1188 4508 compositae
1211 4443 1283 4492 sunt
1304 4441 1346 4505 ut,
1369 4453 1434 4492 cum
1458 4435 1604 4511 cooptatio
1625 4422 1686 4484 novi

373 4534 536 4593 sacerdotis
558 4535 715 4605 referatur,
744 4535 873 4610 primum
893 4542 1022 4611 ponatur
1044 4554 1152 4592 nomen
1175 4537 1239 4594 eius
1260 4537 1312 4611 qui
1334 4546 1501 4614 cooptetur,
1528 4545 1588 4592 rum
1614 4524 1687 4586 deni-

372 4656 430 4714 que
458 4637 580 4695 nomina
606 4636 762 4694 consulum
788 4654 916 4711 quorum
945 4655 1022 4694 anno
1050 4637 1200 4714 cooptatio
1227 4639 1266 4696 sit
1290 4638 1369 4696 facta
1390 4647 1552 4713 ponantur,
1578 4627 1685 4691 cumin

281 4803 289 4814 ,
372 4740 439 4797 aliis
461 4744 513 4816 qui
535 4739 574 4796 ad
596 4756 652 4796 nos
675 4748 874 4815 pervenerunt
895 4739 1119 4814 cooptationum
1140 4739 1229 4799 fastis
1251 4740 1381 4817 primum
1400 4741 1521 4799 nomina
1542 4730 1684 4796 consulum

372 4841 443 4919 poni
467 4842 594 4912 soleant,
617 4841 816 4918 cooptationis
837 4841 986 4900 enarratio
1009 4843 1224 4917 subsequutum
1251 4852 1285 4899 ut
1307 4843 1338 4900 in
1359 4842 1447 4901 fastis
1470 4840 1610 4901 sodalium
1631 4833 1684 4889 An·

372 4943 594 5002 toninianorum
618 4942 756 5018 (Henzen
773 4943 877 5020 6053),
899 4944 931 5001 in
952 4944 1039 5003 fastis
1063 4944 1251 5003 sacerdotum
1273 4945 1304 5002 in
1326 4945 1399 5004 aede
1420 4946 1499 5004 lovis
1521 4943 1684 5014 Propugna·

372 5046 447 5104 toris
476 5046 704 5104 consistentium
732 5045 872 5120 (Henzen
895 5046 985 5105 6057.
1009 5045 1115 5122 6058),
1142 5047 1173 5104 in
1200 5046 1288 5106 fastis
1317 5046 1465 5107 Saliorum
1491 5041 1682 5104 Palatinarum

373 5138 496 5223 (Marini
519 5148 573 5206 atti
593 5168 622 5224 p.
642 5147 829 5223 165-167).
874 5145 935 5207 Sed
964 5149 1048 5208 solos
1070 5166 1197 5225 augures
1218 5149 1302 5206 illum
1326 5149 1460 5208 ordinem
1481 5149 1512 5206 in
1533 5133 1681 5218 cooptatio·

372 5249 461 5308 nibus
485 5250 660 5308 enarrandis
683 5249 894 5309 observavisse
917 5269 1081 5328 omnesque
1103 5251 1223 5310 tabulas
1244 5251 1276 5309 in
1298 5252 1406 5328 quibus
1429 5251 1502 5311 ordo
1522 5247 1571 5307 ille
1592 5251 1680 5299 occur·
