3632 6040
600 1491 1058 1602 ADDITAMENTA

480 1677 555 1756 AD
585 1677 793 1760 FASTOS
825 1677 953 1759 ANNI
983 1677 1184 1760 IVLIANI

473 1846 525 1920 (aa
549 1847 639 1905 vaur
661 1869 689 1924 p.
707 1846 885 1918 aea-4123
909 1847 976 1922 eph.
997 1850 1023 1918 1,
1041 1847 1188 1924 33-41).

753 2017 906 2026 -a--ae-q

275 2158 311 2249 Ι.
355 2153 889 2250 HEMEROLOGIVM
919 2153 1377 2250 OAERETANVM.

159 2327 240 2451 Ex
263 2392 434 2452 suburbano
457 2389 633 2463 Caeretano,
659 2393 736 2450 unde
759 2392 871 2468 prodiit
893 2391 997 2450 titulus
1014 2391 1205 2468 Vespasiano
1229 2393 1384 2452 dedicatus
1407 2416 1425 2452 a
1447 2413 1493 2454 se-

159 2502 231 2552 natu
258 2495 430 2572 populoque
454 2493 573 2554 Caerite
600 2494 696 2553 editus
722 2494 754 2552 in
781 2494 856 2552 actis
883 2494 1014 2553 instituti
1036 2495 1254 2571 arohaeologioi
1277 2496 1442 2554 minoribus
1465 2518 1492 2556 a.

163 2596 242 2655 1874
264 2597 381 2672 p.139‚
408 2616 503 2672 nuper
525 2597 575 2672 qui
604 2615 654 2655 eas
678 2596 854 2655 effossiones
882 2597 1074 2655 instituerunt
1100 2598 1208 2656 fratres
1231 2597 1404 2657 Boooanera
1425 2619 1491 2676 pro·

158 2707 316 2758 traxerunt
337 2699 481 2758 fastorum
506 2700 658 2757 annalium
680 2699 812 2775 insignia
832 2698 1010 2776 fragmenta,
1038 2719 1115 2776 quae
1136 2701 1196 2758 iam
1218 2708 1356 2776 prostant
1377 2701 1493 2760 Romae

158 2801 189 2858 in
216 2820 320 2860 museo
348 2803 445 2860 civico
473 2809 573 2877 empta
599 2821 694 2877 nuper
721 2820 740 2858 a
762 2802 952 2860 auratoribus
980 2801 1053 2859 eius.
1097 2802 1230 2878 Reperta
1259 2813 1327 2860 sunt
1355 2804 1386 2862 in
1415 2822 1491 2881 opus

158 2904 308 2978 privatum
331 2905 486 2974 translata,
511 2903 625 2961 scilicet
653 2904 684 2960 in
711 2903 849 2962 eubiculo
879 2904 970 2962 villae
992 2904 1071 2962 illius
1093 2903 1125 2961 in
1151 2904 1321 2981 pavimento
1343 2906 1492 2965 collocata

157 3006 268 3065 latente
296 3015 381 3083 parte
409 3007 535 3083 scripta;
564 3007 617 3063 sed
645 3007 713 3083 ipsa
738 3023 786 3063 res
814 3005 926 3063 indicat
954 3014 1013 3063 tam
1041 3005 1135 3064 fastos
1162 3008 1218 3064 hos
1241 3025 1331 3081 quam
1359 3014 1490 3068 statuam

158 3107 339 3184 Vespasiani
368 3109 440 3166 olim
469 3107 638 3186 prostitisse
670 3109 700 3166 in
736 3107 839 3186 oppidi
867 3109 934 3166 foro
964 3109 1074 3184 aliquo.
1128 3105 1297 3184 Supersunt
1322 3110 1491 3187 fragmenta

157 3210 289 3285 quinque
314 3211 473 3269 marmoris
502 3208 620 3282 Graeci,
643 3210 760 3268 minora
788 3211 855 3282 tria,
878 3229 955 3286 quae
978 3229 1045 3269 oum
1069 3229 1173 3269 ora-ssa
1194 3212 1255 3269 sint
1277 3230 1315 3269 m.
1332 3212 1360 3271 0.
1377 3212 1427 3286 05,
1450 3233 1490 3272 ex

156 3314 311 3388 superiore
334 3313 435 3372 tabula
457 3314 607 3388 supersint
629 3330 752 3371 necesse
775 3320 829 3384 est,
857 3314 972 3370 maiora
994 3314 1054 3371 duo
1077 3314 1234 3372 coniuncta
1256 3314 1317 3372 lata
1339 3333 1376 3372 m.
1394 3316 1422 3374 0.
1439 3315 1488 3388 68,

156 3415 271 3473 altam.
288 3414 315 3472 0.
334 3415 383 3487 30,
404 3432 508 3474 crassa
523 3416 728 3474 descrescente
744 3415 867 3474 inferius
889 3435 1036 3474 marmore
1057 3417 1087 3474 in
1104 3433 1221 3474 summa
1236 3425 1321 3493 parte
1337 3436 1375 3475 m.
1392 3419 1420 3475 Ο.
1437 3419 1488 3488 05,

154 3518 186 3575 in
209 3518 269 3575 ima
291 3537 329 3575 m.
347 3518 375 3576 0.
392 3517 441 3576 03.
486 3518 592 3596 Margo
621 3518 706 3576 adest
734 3517 871 3575 similiter
897 3518 1044 3576 formatus
1072 3537 1138 3576 oum
1166 3518 1198 3575 in
1219 3519 1378 3597 fragmenti
1400 3521 1488 3578 unius

154 3619 279 3677 minoris
302 3629 387 3696 parte
410 3621 568 3696 superiore
595 3631 656 3678 tum
687 3628 748 3678 tam
776 3619 899 3684 inferius
928 3639 1016 3695 quam
1043 3621 1073 3677 iu
1097 3620 1188 3678 latere
1211 3620 1335 3680 intuenti
1365 3621 1488 3680 sinistro

153 3722 184 3778 in
217 3721 380 3780 maioribus
412 3721 540 3781 duobus.
590 3723 639 3780 Ex
672 3723 846 3801 fragmentis
880 3722 1046 3780 minoribus
1087 3742 1177 3780 unum
1215 3742 1274 3780 non
1308 3725 1397 3782 habet
1428 3724 1489 3783 nisi

153 3824 282 3901 vestigia
304 3842 444 3882 versuum
467 3825 598 3902 quinque
621 3825 784 3901 antiquitus
806 3843 971 3898 erasmum,
995 3825 1120 3882 alterum
1145 3841 1152 3867 ¹
1175 3825 1280 3884 hastae
1301 3834 1415 3902 partem
1438 3845 1487 3886 su·

152 3926 319 4003 periorem;
343 3926 463 3986 tertium
486 3929 542 3985 hoo
565 3936 624 3985 est:

689 4179 695 4188 ,
769 4084 872 4224 aa

783 4219 823 4261 ΕΒ

779 4261 784 4331 t

778 4321 829 4420 ΙΝ

784 4423 821 4462 ·r

777 4447 806 4576 ia

148 4666 228 4722 quae
250 4648 434 4706 remansisse
457 4653 581 4724 apparet
603 4666 642 4705 ex
664 4645 761 4704 indice
784 4646 1253 4724 praefatiouequesomponenda
1274 4646 1395 4703 omuino
1417 4665 1484 4705 oum

146 4751 247 4808 indice
279 4750 427 4808 fastorum
460 4757 519 4807 tam
553 4749 703 4807 annalium
736 4767 826 4823 quam
862 4749 1090 4825 magistratuum
1113 4748 1337 4806 Venusiuorum
1372 4749 1485 4823 (vol.I

147 4871 176 4927 p.
195 4851 286 4925 471):
311 4852 412 4927 [be]llu
426 4855 513 4928 sueto
535 4870 554 4908 a
576 4851 648 4910 dello
668 4850 810 4909 Marsico.
855 4849 989 4909 Caerites
1012 4851 1090 4908 enim
1113 4869 1178 4908 cum
1201 4851 1352 4909 civitatem
1374 4851 1484 4910 Roma-

146 4972 219 5012 nam
241 4937 357 5027 pridem
380 4954 480 5032 adepti
503 4963 613 5024 essent,
636 4961 741 5030 postea
762 4954 800 5010 ad
822 4953 1026 5029 praefecturae
1048 4953 1175 5011 formam
1197 4953 1484 5013 administrabantur

146 5054 275 5132 (Festus
297 5075 326 5133 p.
344 5054 417 5132 233)
440 5075 495 5116 neo
517 5055 654 5114 videntur
677 5072 750 5114 suos
776 5055 971 5131 magistratus
995 5075 1097 5115 creare
1122 5057 1259 5132 coepisse
1282 5063 1349 5114 ante
1372 5057 1482 5115 bellum

143 5157 322 5216 Marsicum.
340 5191 376 5200 -
393 5159 510 5217 Maiora
529 5158 698 5234 fragmenta
712 5157 770 5215 duo
786 5157 944 5215 coniuncta
959 5159 1089 5234 quinque
1103 5159 1236 5236 priorum
1252 5160 1323 5218 anni
1336 5159 1480 5219 mensium

143 5269 263 5338 partem
286 5259 458 5318 inferiorem
480 5270 639 5319 servarunt
660 5259 690 5317 in
711 5261 789 5318 huno
811 5260 940 5318 modum.
958 5293 995 5302 -
