3596 6040
468 612 601 665 sunau.
623 613 726 664 cons.
746 613 852 664 naeu.
871 613 921 663 nn
940 612 1144 664 cumcuma
1397 595 1466 665 157

229 785 441 862 supplementa
458 803 535 861 quae
556 785 704 862 adscripsi
726 794 795 844 sunt
810 785 872 844 fere
886 785 1065 844 Perrotiana
1086 786 1220 862 exceptis
1243 788 1280 845 iis
1303 787 1339 845 de
1360 788 1468 864 quibus

148 889 219 948 inho
238 888 348 947 monui.
385 887 549 946 Videamus
573 896 671 948 autem
693 888 821 965 primum
844 888 881 946 de
904 887 1111 959 sollemnibus,
1134 887 1241 946 deinde
1263 889 1300 947 de
1321 890 1468 966 personis,

151 991 268 1067 denique
290 991 325 1049 de
347 989 416 1065 ipsa
437 1007 478 1047 re.

221 1091 292 1149 v.1
326 1091 470 1149 Perrotus
499 1091 544 1166 [S.
569 1111 590 1151 c.
615 1093 649 1150 dc
675 1092 848 1168 condi]tionc
881 1091 1085 1167 sztocaorum
1114 1111 1174 1152 non
1199 1101 1293 1164 recte3
1325 1093 1356 1150 id
1390 1095 1469 1153 enim

147 1193 316 1252 vocabulum
344 1213 397 1269 por
424 1213 439 1250 c
465 1194 651 1252 scribendum
681 1194 745 1252 fuit.
789 1195 885 1252 Immo
914 1195 946 1252 in
972 1206 1079 1271 ectypo
1105 1194 1178 1252 mihi
1205 1195 1298 1253 misso
1327 1214 1393 1254 cum
1421 1195 1471 1254 de·

144 1295 345 1374 prehenderim
383 1310 596 1368 rsrvmnons,
622 1305 703 1354 certo
721 1297 850 1355 efficitur
872 1296 964 1356 luisse
986 1296 1017 1354 in
1038 1296 1138 1373 lapide
1161 1295 1189 1370 [s
1201 1312 1257 1355 ·c·
1271 1313 1327 1354 na·
1343 1297 1470 1372 r]osuv-

146 1413 279 1470 carrona,
302 1415 361 1474 quo
384 1393 484 1456 hiatus
507 1397 585 1456 iuste
608 1399 753 1475 expletur.
798 1396 942 1457 Similiter
965 1406 1089 1456 senatus
1110 1398 1280 1458 consultum
1296 1399 1470 1458 Africanum

144 1501 276 1578 supparis
302 1499 409 1558 aetatis
435 1499 539 1576 incipit
560 1499 703 1575 s(enotnc)
726 1499 1113 1577 quantumquantum
1136 1500 1226 1559 saltus
1242 1500 1401 1577 Bcpucnsic
1419 1545 1425 1559 .
1441 1544 1469 1558 ..

143 1605 306 1677 descriptum
329 1611 356 1659 ct
375 1606 547 1678 recuperatum
569 1609 635 1672 cet,
666 1601 862 1678 videnturque
890 1601 1036 1661 eiusmodi
1059 1601 1311 1680 praescriptiones
1334 1603 1371 1661 ab
1395 1604 1469 1661 anti·

144 1705 241 1780 quiore
270 1705 484 1762 consuetudine
513 1703 706 1763 abhorrentes
736 1703 793 1762 hac
820 1711 916 1763 aetate
943 1705 1020 1762 inter
1048 1704 1208 1763 sollemnia
1234 1714 1371 1780 receptae
1394 1723 1469 1764 esse.

143 1806 185 1864 Eo
205 1806 326 1864 nomine
349 1814 446 1864 autem
469 1805 611 1864 differunt
626 1807 684 1864 duo
706 1807 781 1865 haec
804 1815 926 1865 senatus
942 1806 1090 1877 consulta,
1112 1806 1192 1881 quod
1215 1807 1330 1883 petitio,
1353 1807 1389 1864 de
1412 1825 1472 1883 qua

143 1915 259 1966 senatus
283 1907 426 1979 decernit,
453 1909 484 1965 in
506 1908 651 1966 Africano
682 1909 847 1967 secundum
869 1927 958 1967 usum
986 1909 1140 1984 antiquum
1163 1908 1193 1964 in
1215 1909 1314 1984 ipsum
1338 1917 1471 1967 tenorem

144 2009 268 2068 consulti
289 2020 441 2084 receptum
465 2019 525 2068 cst:
550 2011 626 2085 qnod
640 2052 647 2066 .
659 2052 687 2068 ..
704 2010 831 2069 consules
852 2012 938 2068 verba
952 2013 1084 2086 fecerunt
1101 2011 1134 2068 dc
1157 2011 1297 2068 desiderio
1318 2014 1472 2069 amicornm

142 2111 236 2170 Lucili
249 2109 391 2186 Africani
413 2131 436 2170 c.
459 2131 497 2184 u,
520 2115 570 2188 qui
588 2120 697 2187 petunt,
720 2121 831 2184 utcet,
853 2112 884 2169 in
900 2112 1015 2170 Asiane
1037 2113 1094 2170 hoc
1113 2112 1283 2170 consultum
1304 2113 1470 2188 praecedit:

144 2217 189 2288 qui
209 2215 318 2285 dicant,
347 2223 379 2272 ut
403 2221 459 2272 cet.
502 2213 577 2272 Inde
606 2213 678 2272 item
705 2213 875 2288 explicatur
902 2232 977 2290 quae
1000 2213 1063 2272 sine
1086 2232 1176 2272 causa
1198 2215 1355 2272 Perrotum
1378 2213 1472 2274 offen·

143 2316 182 2373 dit
207 2316 359 2393 particula
391 2326 422 2374 ct
455 2325 526 2392 post
552 2315 669 2373 dicendi
696 2315 887 2385 vocabulum3
915 2333 951 2372 ea
976 2315 1053 2373 enim
1076 2316 1210 2394 legitima
1232 2325 1286 2388 est,
1308 2317 1360 2374 ubi
1382 2317 1413 2374 id
1435 2316 1472 2374 ad

141 2417 256 2476 iubendi
284 2417 443 2494 petendive
472 2417 718 2494 significationem
747 2416 890 2488 deflectit,
922 2425 954 2475 ut
979 2418 1109 2494 exempli
1137 2435 1229 2476 cauea
1255 2419 1365 2494 legitur
1393 2418 1472 2495 apud

142 2528 289 2578 auctorem
313 2519 352 2576 ad
373 2518 445 2577 Her.
470 2519 499 2590 4,
517 2520 565 2592 50,
583 2519 636 2577 63:
660 2524 685 2576 ct
707 2521 775 2576 dicit
795 2522 825 2576 in
847 2537 944 2576 aaran
966 2530 998 2577 ut
1017 2521 1093 2578 domi
1116 2519 1211 2578 lectuli
1232 2529 1402 2579 sternantur.

218 2620 479 2696 Praescriptionis
502 2623 602 2696 capita
624 2620 684 2678 duo
707 2639 783 2696 quae
806 2631 971 2696 sequuntur
993 2622 1023 2678 in
1043 2622 1188 2680 Africano
1211 2621 1247 2680 de
1269 2622 1472 2698 descriptione

141 2732 168 2780 ct
192 2723 412 2800 recognitione,
441 2723 511 2781 item
540 2723 576 2780 de
601 2724 671 2781 loco
703 2731 823 2780 senatus
854 2723 983 2780 consulti
1014 2724 1085 2781 sacti
1119 2725 1149 2782 in
1180 2721 1330 2799 Cyzicena
1358 2725 1473 2783 omissa

141 2836 212 2882 sunt.
259 2823 433 2900 Sequuntur
454 2825 486 2882 in
501 2833 628 2901 utroque
644 2825 766 2882 nomina
785 2841 886 2882 eorum
910 2825 960 2900 qui
983 2825 1140 2884 scribendo
1157 2825 1324 2897 adfuerunt,
1347 2826 1472 2884 habent-

141 2943 193 3001 que
214 2927 275 2986 duo
300 2939 423 2984 senatus
446 2927 582 2984 consulta
603 2927 660 2984 hoc
682 2926 845 3003 proprium,
874 2928 954 3001 quod
980 2928 1009 2984 in
1033 2937 1159 3002 utroque
1182 2927 1359 2987 adhibentur
1381 2937 1472 2986 testes

140 3031 262 3104 septeni,
294 3028 324 3086 in
351 3029 398 3086 his
427 3035 526 3086 autem
553 3029 615 3086 bini
643 3036 778 3086 extremo
806 3029 872 3085 loco
900 3029 1042 3086 nominati
1071 3037 1247 3104 quaestores
1269 3039 1349 3088 sunt.
1392 3027 1472 3088 Nam

140 3130 213 3204 quod
237 3130 458 3188 Wilmannsius
486 3149 552 3188 cum
580 3130 654 3188 illud
677 3130 785 3188 edebat
810 3141 889 3187 recte
916 3131 947 3187 in
969 3132 1082 3189 incerto
1107 3131 1230 3208 reliquit
1253 3133 1295 3208 (p.
1313 3130 1398 3207 277),
1421 3131 1473 3190 ille

139 3250 277 3291 numerus
302 3240 402 3288 utrum
426 3233 511 3290 casui
534 3231 708 3290 tribuendus
737 3233 776 3290 sit
803 3251 841 3289 an
864 3233 1030 3290 communis
1059 3233 1109 3290 lex
1137 3234 1173 3292 de
1204 3243 1317 3308 septem
1345 3234 1472 3292 testibus

139 3333 316 3392 adhibendis
346 3352 380 3391 ea
406 3342 503 3391 aetate
532 3335 570 3392 ad
597 3336 665 3411 ipsa
687 3342 810 3392 senatus
833 3335 972 3392 consulta
1000 3335 1180 3410 pervenerit,
1202 3335 1232 3392 id
1255 3344 1325 3411 post
1346 3335 1474 3394 alterum

139 3437 305 3494 consultum
339 3435 490 3510 prolatum
523 3436 583 3493 iam
616 3436 734 3494 videtur
766 3437 809 3494 ita
837 3436 1040 3509 diiudicatum,
1072 3445 1105 3494 ut
1136 3438 1209 3494 haec
1242 3439 1390 3496 sententia
1422 3438 1474 3495 ob-

138 3537 266 3597 tinuerit.

217 3641 266 3699 De
291 3641 504 3717 quaestoribus
527 3647 625 3699 autem
642 3642 723 3718 quod
744 3641 810 3716 ipse
826 3641 888 3698 dixi
910 3642 930 3699 l.
947 3661 971 3699 c.
989 3661 1017 3717 p.
1035 3639 1105 3714 283,
1129 3641 1247 3718 egregie
1270 3642 1327 3699 hoc
1343 3641 1474 3700 secundo

138 3743 274 3802 consulto
304 3743 504 3801 confirmatur.
549 3743 713 3818 Perperam
727 3742 874 3802 Perrotus
896 3743 1026 3800 litteram
1049 3743 1232 3818 singularem
1256 3761 1349 3818 aqua
1370 3743 1475 3819 incipit

140 3865 166 3902 v.
184 3847 219 3902 11
239 3863 281 3917 Q·
305 3847 383 3920 qnod
404 3845 574 3922 significare
597 3845 654 3902 sibi
675 3845 840 3920 persuasit;
863 3863 932 3902 nam
948 3864 1044 3921 neque
1059 3845 1205 3903 eiusmodi
1220 3845 1335 3902 notatio
1357 3853 1477 3922 recepta

140 3953 183 4004 est
209 3966 265 4006 nec
294 3956 374 4006 recte
402 3948 446 4006 sic
471 3947 608 4024 procedit
633 3947 745 4017 oratio,
778 3965 844 4004 cum
876 3947 1023 4023 particula
1049 3947 1126 4022 qnod
1151 3946 1193 4004 ita
1219 3945 1309 4022 plane
1335 3945 1475 4004 abundet.

139 4046 276 4108 Ceterum
306 4050 422 4108 cautius
449 4049 480 4106 in
507 4058 630 4107 senatus
661 4049 796 4106 consulto
820 4048 962 4106 Africano
989 4049 1090 4106 littera
1112 4049 1280 4124 Qutrique
1301 4067 1404 4106 eorum
1426 4049 1477 4123 qui

138 4159 289 4226 postremo
316 4151 383 4208 loco
410 4151 602 4208 nominantur
630 4151 781 4228 adscripta
810 4157 856 4208 est
882 4168 970 4226 quam
998 4150 1089 4209 semel
1117 4150 1238 4225 ponitur
1263 4150 1293 4207 in
1317 4147 1475 4225 Cyziceno,

138 4269 201 4310 cum
223 4253 269 4310 ita
292 4272 330 4310 ex
352 4253 409 4311 hoc
431 4253 498 4328 ipso
520 4271 580 4310 non
603 4262 758 4329 appareat,
781 4261 877 4311 utrum
901 4261 1034 4329 quaestor
1055 4252 1212 4328 legendum
1235 4251 1273 4310 sit
1293 4270 1330 4309 an
1346 4260 1475 4328 quaesto·

138 4371 180 4412 rec
202 4363 233 4413 et
255 4355 314 4412 hoc
335 4355 436 4431 posito
459 4361 607 4430 quatenus
629 4355 756 4430 pluralis
779 4355 805 4412 is
828 4355 991 4431 perveniat.

218 4456 284 4513 Iam
309 4456 452 4514 subicitur
474 4456 596 4526 relatio,
625 4455 661 4514 de
676 4475 736 4532 qua
759 4465 881 4516 senatus
905 4457 1049 4528 decrevit3
1074 4457 1126 4514 sed
1148 4456 1260 4515 recedit
1283 4475 1318 4514 ea
1340 4475 1358 4514 a
1378 4457 1476 4514 forma

139 4567 291 4618 consueta.
336 4555 457 4618 Scilicet
486 4577 553 4616 curn
581 4567 704 4617 senatus
728 4560 898 4620 consultum
920 4559 1050 4636 incipere
1077 4559 1171 4618 soleat
1198 4577 1215 4616 a
1241 4558 1387 4617 relatione
1413 4577 1476 4616 ma·

139 4661 321 4736 gistratuum
349 4661 440 4736 (quod
462 4661 589 4719 conculca
611 4661 696 4718 uerba
711 4663 868 4737 fecerunt),
895 4669 1060 4738 sequantur
1089 4660 1252 4718 sententiae
1278 4661 1321 4718 ita
1343 4667 1477 4718 contrac-

145 4780 198 4835 ae,
233 4769 268 4820 ut
307 4762 493 4838 singularum
526 4763 636 4821 mentio
667 4763 751 4822 nulla
777 4765 843 4836 fiat,
880 4763 932 4822 sed
962 4782 1077 4822 summa
1105 4783 1159 4840 per
1186 4763 1284 4839 capita
1310 4761 1478 4820 declaretur

146 4861 362 4937 (camuliano
385 4881 414 4922 se
437 4864 597 4940 haberent),
620 4865 748 4942 denique
772 4866 872 4922 veniat
892 4866 992 4942 ipsum
1015 4865 1166 4924 decretum
1189 4864 1323 4940 (placere
1342 4863 1477 4939 senatui),

146 4965 233 5022 hice
257 4965 408 5024 contrario
431 4966 557 5024 refertur
578 4976 696 5042 praeter
717 4967 823 5037 locum,
852 4985 911 5042 quo
938 4968 1011 5026 haec
1032 4967 1168 5042 quaestio
1193 4984 1228 5024 eo
1249 4965 1297 5024 die
1318 4965 1348 5024 in
1371 4972 1479 5025 senatu

146 5074 275 5126 tractata
296 5077 350 5138 est,
378 5069 528 5127 sententia
555 5069 619 5128 eius
647 5068 697 5146 qui
723 5068 838 5145 primus
865 5070 1015 5127 censuerit
1036 5069 1143 5144 cuique
1165 5067 1320 5144 probabile
1343 5075 1389 5127 est
1410 5068 1478 5126 reli·

146 5187 221 5244 quos
238 5169 421 5228 adsensisse.
446 5167 623 5246 Comparari
637 5178 778 5246 poterunt
789 5169 981 5246 municipalia
992 5170 1110 5230 decreta
1121 5170 1267 5246 quaedam
1281 5170 1322 5246 (v.
1336 5169 1479 5229 Huebner

147 5270 182 5328 de
205 5279 329 5330 senatus
356 5271 519 5350 populique
540 5272 578 5331 R.
602 5273 676 5332 actis
698 5293 727 5350 p.
745 5270 813 5346 27),
840 5272 972 5332 maxime
1000 5271 1211 5348 Tergestinum
1234 5271 1337 5331 vol.V
1360 5293 1388 5330 n.
1406 5270 1477 5344 532,
