3620 6050
779 1581 1241 1698 tonitrualem

715 1756 793 1843 no
824 1755 1084 1888 ocuroms
1116 1756 1232 1841 vcu.
1254 1758 1300 1841 u.

438 2087 498 2148 AD
520 2084 784 2149 PROVINCIAE
805 2083 1020 2148 BAETIGAE
1043 2083 1302 2151 OONVENTVS
1324 2085 1585 2154 ASTIGITANI

825 2187 916 2250 GAP.
932 2189 993 2249 VH
1015 2187 1196 2252 SABORA.

341 2290 418 2435 Α.
443 2372 544 2434 Curicta
567 2373 597 2432 lo
612 2371 688 2431 Renl
709 2371 853 2430 orientem
875 2389 980 2432 versus
1001 2372 1087 2431 iuxta
1109 2371 1217 2432 collem
1238 2373 1336 2432 adhuc
1357 2373 1384 2432 cl
1405 2391 1484 2434 cerro
1505 2373 1673 2434 caschara

322 2471 451 2536 'dictum
475 2476 522 2552 (ut
536 2475 700 2552 affirmant)
721 2480 752 2534 et
770 2493 865 2552 prope
881 2475 960 2534 viam
980 2493 1058 2552 quae
1073 2477 1172 2535 estad
1187 2477 1232 2536 lac
1251 2475 1362 2536 Concae
1377 2477 1424 2535 del
1437 2476 1575 2551 Beccrrc,
1597 2479 1672 2536 inter

340 2573 468 2656 vestigia
489 2579 593 2655 oppidi
618 2578 733 2654 antiqui
754 2578 786 2635 in
807 2577 935 2637 collibus
958 2577 1046 2638 dictis
1070 2580 1106 2638 de
1129 2579 1349 2656 haute-peones
1371 2579 1431 2638 late
1454 2579 1583 2656 sparsis,
1606 2590 1672 2640 autc

341 2701 430 2759 quam
453 2681 605 2740 acceditur
626 2680 665 2738 ad
685 2681 840 2756 praedium
863 2682 906 2739 los
928 2683 1044 2756 cortijcs
1067 2683 1101 2740 de
1121 2681 1151 2739 la
1174 2681 1295 2756 Ueledae,
1317 2683 1399 2742 basis
1421 2689 1504 2741 extat
1524 2683 1673 2742 altanum

338 2785 487 2861 praedic,
512 2785 605 2843 laedio
625 2785 660 2842 dc
686 2783 777 2844 aacdc
798 2801 817 2859 y
840 2793 895 2843 trec
922 2793 1038 2844 martae
1065 2785 1099 2844 de
1118 2787 1228 2862 fracte,
1254 2785 1401 2863 inscripta
1421 2786 1464 2844 ita
1485 2786 1614 2859 litteris,
1642 2795 1673 2844 ut

339 2888 472 2961 credunt,
495 2886 608 2946 saeculi
628 2887 717 2945 tertii.

338 3023 404 3085 142
427 3025 499 3102 (ins.
521 3035 592 3103 post
612 3045 641 3085 n.
661 3023 765 3102 1423).

731 3181 751 3221 ⁴..
800 3177 1278 3222 astutum-smnio

733 3282 912 3335 quiRINA

752 3382 984 3427 aoBORENS
1234 3385 1274 3428 ts

765 3485 854 3529 aevo
889 3486 1043 3530 sis-1³0
1140 3487 1249 3530 SVlT

785 3523 790 3595 l

421 3609 573 3669 Antonius
596 3607 633 3668 de
653 3608 808 3686 Aguilar
829 3629 849 3686 y
872 3607 956 3668 (lano
983 3610 1115 3688 repperit
1140 3609 1370 3688 exemplumque
1395 3611 1479 3670 misit
1503 3611 1670 3670 Aureliano

340 3711 516 3785 Gucrrae,
539 3713 591 3788 qui
613 3711 705 3770 edidit
725 3715 830 3771 revicta
853 3713 989 3771 historica
1011 3730 1038 3770 a.
1058 3713 1136 3771 1876
1159 3733 1199 3772 m.
1222 3711 1305 3791 Sept.
1329 3713 1372 3787 (n.
1388 3713 1515 3790 XXIX)
1538 3733 1568 3790 p.
1587 3713 1657 3773 259.

422 3813 559 3892 Spatium
581 3815 662 3892 quod
683 3815 822 3874 consulto
845 3833 970 3874 vacuum
992 3814 1129 3875 relictum
1152 3825 1198 3874 est
1220 3816 1405 3876 continuisse
1421 3816 1529 3874 dicitur
1551 3817 1670 3894 signum

338 3918 460 3996 aliquod
485 3917 702 3994 anaglyphum,
736 3926 768 3976 ut
793 3924 914 3994 putant,
946 3937 985 3976 ex
1011 3937 1080 3976 aere
1105 3919 1227 3978 factum.
1271 3921 1301 3978 A
1325 3919 1412 3979 laeva
1438 3919 1543 3978 deesse
1570 3919 1671 3978 versui

336 4021 388 4078 uni
417 4024 523 4098 cuique
548 4021 665 4078 litteras
692 4020 779 4078 binas
813 4027 962 4093 ternasve,
995 4029 1151 4099 praeterea
1179 4023 1276 4098 primo
1305 4023 1428 4081 exeunti
1454 4029 1570 4080 tantum
1599 4021 1670 4079 item

337 4123 412 4181 duas
434 4122 484 4182 vel
504 4130 575 4196 tres,
597 4129 752 4199 praeterea
766 4141 836 4182 vero
859 4123 943 4196 nihil,
967 4123 1092 4190 adnotat
1111 4123 1215 4183 editor.
1259 4125 1371 4184 Tribus
1394 4124 1564 4202 cognomini
1586 4130 1669 4202 post·

217 4299 219 4303 Α
335 4224 437 4302 posita
462 4225 495 4282 in
522 4225 693 4301 regionibus
721 4225 782 4284 illis
803 4243 863 4284 non
885 4225 1019 4285 offendit.
1063 4225 1133 4285 Non
1156 4245 1232 4304 opus
1254 4229 1345 4305 igitur
1367 4247 1433 4288 cum
1456 4225 1578 4288 Guerra
1600 4245 1670 4303 sup·

337 4327 420 4402 plere
436 4325 589 4402 diacoma)
612 4325 662 4402 [L.
672 4325 821 4404 s(ilic8)]3
847 4347 901 4388 nec
922 4329 1196 4405 facilecognomen
1218 4350 1272 4406 per
1293 4330 1503 4408 compendium
1524 4329 1670 4406 scriptum

337 4428 562 4488 admittendum.
606 4429 721 4488 Versus
743 4432 842 4507 quarti
864 4431 1104 4509 supplementum
1127 4440 1251 4505 certum,
1273 4433 1332 4492 nisi
1354 4413 1452 4505 fallor,
1476 4433 1601 4490 debetur
1621 4432 1670 4490 Fi·

337 4532 397 4590 deli
419 4531 532 4590 Fitae.
579 4529 698 4590 Guerra
725 4533 761 4590 de
784 4531 916 4610 [Al]ccsc
938 4534 987 4592 vel
1014 4533 1105 4592 simili
1131 4535 1261 4609 quodam
1287 4535 1336 4594 dei
1363 4535 1488 4594 alicuius
1518 4535 1670 4612 peregrini

336 4634 456 4693 nomine
491 4635 688 4713 cogitaveram
728 4635 781 4694 sed
822 4635 927 4694 titulus
964 4643 1067 4714 aperte
1101 4637 1276 4713 sepulcralis
1313 4645 1368 4696 est.
1411 4636 1531 4696 Nomen
1567 4637 1670 4714 oppidi

336 4755 426 4796 versu
451 4738 540 4796 tertio
567 4737 738 4814 suppletum
764 4739 801 4796 ab
830 4737 995 4798 editoribus
1019 4747 1144 4816 propter
1171 4741 1261 4798 situm
1282 4758 1344 4798 non
1366 4746 1447 4799 caret
1468 4739 1668 4810 dubitatione3

336 4858 406 4896 nam
435 4857 617 4916 quamquam
643 4858 715 4898 sane
744 4840 809 4898 fieri
835 4848 935 4917 potest
961 4847 994 4899 ut
1018 4842 1109 4900 fuerit
1132 4842 1176 4901 ibi
1199 4841 1317 4903 Sabora
1339 4843 1481 4920 oppidum
1503 4862 1616 4902 novum
1637 4842 1669 4900 in

336 4941 461 5017 planitie
483 4951 662 5014 extructum,
685 4943 770 5001 cuius
792 4943 927 5001 meminit
948 4943 1079 5022 epistula
1094 4943 1277 5022 Vespasiani
1298 4945 1337 5005 ad
1358 4946 1551 5022 magistratus
1572 4943 1668 5006 Sabo-

336 5061 389 5100 rae
411 5045 523 5102 veteris
547 5044 621 5120 (vol.
636 5043 668 5102 II
693 5043 797 5120 1423),
824 5051 923 5104 tamen
945 5047 1051 5106 eodem
1076 5046 1141 5105 iure
1163 5055 1216 5106 aut
1235 5047 1375 5108 Berensis
1402 5048 1577 5124 simpliciter
1600 5047 1669 5124 (fuit

337 5144 417 5202 enim
442 5145 528 5205 Bora
556 5146 698 5224 oppidum
725 5147 875 5220 Baeticae,
910 5149 995 5208 cuius
1028 5149 1141 5208 nummi
1174 5149 1292 5226 extant)
1322 5159 1375 5210 aut
1401 5150 1482 5210 aliud
1502 5168 1612 5210 nomen
1638 5149 1668 5207 in

338 5246 455 5305 ..dora
478 5247 565 5308 sive.
582 5291 589 5308 .
606 5251 705 5308 boram
726 5249 866 5310 desinens
888 5251 920 5310 in
941 5251 1028 5311 titulo
1050 5251 1147 5312 fuisse
1173 5259 1296 5311 statues.
