3596 6040
581 585 655 634 unx
682 583 762 634 oon.
793 584 1016 634 enunmvnu.
1393 566 1464 635 109

221 757 269 814 De
291 757 521 832 magistratuum
543 757 607 814 iure
630 757 797 834 officiisque
819 764 936 834 praeter
958 759 1091 832 eaquae
1114 773 1206 832 supra
1226 757 1286 816 iam
1301 758 1464 834 tetigimus,
1474 707 1612 838 {33⁵3}

134 879 195 918 non
222 859 318 916 multa
344 877 383 916 ex
410 859 457 916 his
486 859 633 935 capitibus
655 877 733 917 nova
756 869 917 936 emergunt.
962 858 1135 917 Notandum
1162 869 1208 916 est
1229 878 1254 918 c.
1274 859 1394 918 LXXV
1417 861 1465 918 de·
1523 873 1563 921 cia

135 960 279 1020 moliendi
302 960 430 1018 aedificii
453 967 556 1018 contra
578 960 675 1038 legem
696 962 768 1020 facti
790 963 837 1020 ius
859 981 917 1020 non
940 969 1055 1020 tantum
1078 961 1224 1020 aedilibus
1248 962 1379 1035 concedi,
1407 966 1518 1038 quaIus
1532 965 1619 1013 demo-

136 1065 174 1120 de
195 1083 227 1120 re
251 1062 325 1121 satis
348 1071 466 1120 constat
488 1062 530 1138 (v.
555 1062 733 1122 Staatsrectt
756 1062 783 1136 2,
799 1064 870 1121 477.
888 1063 979 1140 482),
1003 1064 1057 1123 sed
1079 1063 1212 1121 duoviris
1236 1083 1365 1140 quoque,
1389 1065 1467 1122 scili·
1499 1047 1579 1097 liendi

137 1175 185 1224 cet
212 1165 294 1241 quod
321 1182 468 1222 summum
495 1165 712 1242 magistratum,
742 1185 807 1224 cum
830 1185 877 1224 res
901 1174 994 1243 urget,
1025 1184 1142 1241 semper
1164 1173 1283 1242 oportet
1303 1166 1467 1224 minoribus

137 1267 366 1344 magistratibus
395 1267 535 1342 opitulari
561 1285 722 1343 eorumque
750 1269 851 1326 munia
878 1267 1096 1344 quodammodo
1125 1267 1155 1326 in
1178 1285 1209 1326 se
1230 1268 1362 1344 recipere
1385 1268 1419 1342 (l.
1443 1287 1468 1326 a.

139 1369 168 1442 2’
187 1367 259 1444 123)
263 1411 269 1426 '
1482 1409 1533 1460 Res
1546 1409 1612 1457 iudi-

220 1472 318 1531 Multo
337 1473 458 1530 maioris
475 1473 617 1530 momenti
632 1481 711 1544 sunt,
735 1492 811 1550 quae
825 1474 862 1531 de
877 1493 909 1532 re
924 1473 1080 1532 iudiciaria
1094 1473 1274 1532 addiscimus
1290 1491 1328 1530 ex
1345 1491 1369 1530 c.
1384 1471 1467 1530 LXI.
1506 1494 1587 1542 oraria

136 1575 172 1632 Id
196 1575 222 1632 si
245 1575 394 1651 integrum
422 1575 459 1632 ad
486 1593 541 1632 nos
564 1575 760 1651 pervenisset,
786 1555 905 1652 plenius
932 1576 1086 1652 aliquanto
1114 1576 1150 1634 de
1178 1592 1283 1633 manus
1309 1575 1469 1632 iniectionc
1501 1576 1595 1624 Manus

137 1683 304 1746 constaret3
328 1677 379 1734 sed
402 1678 450 1734 vel
473 1678 516 1736 sic
539 1677 624 1736 utilia
646 1687 716 1734 sunt
737 1697 813 1752 quae
834 1678 903 1735 inde
924 1677 1146 1753 intelleguntur.
1191 1677 1278 1752 Quae
1299 1665 1471 1753 praecesse·
1498 1660 1604 1754 intectio

136 1781 196 1837 rint
222 1796 346 1837 necesse
372 1787 419 1838 est
446 1779 482 1836 de
505 1781 621 1837 actione
644 1781 788 1838 adversus
811 1799 894 1840 reum
916 1779 1046 1855 aliquem
1067 1780 1172 1857 populi
1194 1780 1313 1838 nomine
1334 1779 1472 1838 instituta
1496 1743 1602 1791 rudrcaa

137 1883 278 1958 factaque
304 1882 565 1952 condemnatione,
596 1882 818 1953 desiderantur;
848 1882 953 1958 incipit
981 1882 1031 1940 lex
1059 1901 1077 1939 a
1106 1883 1205 1940 verbis
1233 1883 1270 1939 iis
1300 1900 1376 1956 quae
1403 1900 1471 1956 per-

136 1986 233 2042 tinent
254 1983 293 2041 ad
316 2002 420 2042 manus
441 1984 628 2042 iniectionem
651 1984 689 2042 ob
711 1984 887 2055 iudicatum,
914 2002 1002 2059 quam
1026 1993 1144 2042 enarrat
1166 1983 1261 2043 Gaius
1285 1984 1313 2054 4,
1337 1981 1386 2040 21.
1430 1985 1472 2040 At

137 2105 261 2144 manum
283 2086 332 2144 hic
353 2087 437 2144 inicit
457 2105 517 2144 non
539 2087 565 2143 is
588 2087 639 2161 qui
661 2087 722 2162 egit
742 2087 815 2163 ipse,
839 2087 891 2144 sed
914 2086 991 2144 alius
1013 2087 1050 2144 ab
1073 2105 1107 2143 eo
1130 2087 1180 2160 qui
1197 2086 1258 2162 egit
1273 2086 1389 2156 iussus;
1412 2104 1471 2160 quo

139 2189 257 2246 videtur
284 2189 447 2264 significari
474 2189 504 2246 in
530 2189 630 2264 priore
654 2188 764 2246 iudicio
787 2188 890 2264 populi
916 2189 1034 2246 nomine
1062 2188 1161 2264 egisse
1183 2187 1355 2258 duovirum,
1384 2206 1472 2261 quem

139 2293 212 2350 alibi
235 2309 355 2367 quoque
370 2291 505 2350 videmus
526 2291 556 2347 in
580 2290 723 2348 eiusmodi
747 2291 844 2348 causis
860 2290 1006 2366 praetoris
1022 2291 1217 2366 petitorisque
1232 2290 1367 2366 partibus
1384 2289 1472 2347 stmul

138 2395 224 2471 fungi
251 2393 292 2468 (v.
320 2413 349 2469 p.
369 2395 425 2451 141
440 2393 529 2468 seq),
557 2410 662 2451 manus
690 2400 789 2450 autem
816 2392 1006 2450 iniectionem
1034 2411 1094 2450 nou
1122 2400 1181 2451 tam
1209 2411 1262 2468 per
1290 2411 1356 2451 eum
1383 2409 1471 2466 quam

139 2498 220 2574 apud
242 2515 310 2554 eum
332 2495 407 2554 fieri.
455 2556 457 2561 ,

224 2598 336 2656 Presso
359 2597 434 2672 pede
456 2597 512 2655 hoc
534 2598 600 2655 looo
618 2598 669 2656 lex
685 2597 821 2656 coloniae
837 2597 972 2672 sequitur
985 2597 1082 2675 legem
1098 2597 1160 2655 XII
1176 2597 1354 2656 tabularum.
1389 2593 1473 2667 Quae

138 2702 170 2759 in
191 2701 245 2758 illa
266 2701 407 2776 leguntur
429 2701 533 2758 verba:
556 2701 659 2757 oiadea
680 2700 821 2757 arbitratu
835 2699 927 2756 IIuiri
948 2703 1029 2775 quive
1043 2703 1104 2758 iure
1119 2701 1241 2758 dicundo
1251 2701 1381 2776 praeerit
1396 2697 1474 2754 locu·

137 2803 202 2878 ples
225 2812 283 2862 estc
307 2801 492 2877 respondent
513 2809 584 2859 noto
606 2802 673 2860 loco
695 2821 797 2859 earum
819 2812 848 2859 et
868 2802 933 2858 sine
956 2801 1046 2859 dubio
1068 2803 1128 2877 Ipsi
1151 2802 1242 2877 capiti
1258 2801 1294 2860 de
1309 2817 1414 2858 manus
1430 2800 1474 2856 iu-

140 2905 267 2963 iectione
294 2904 452 2962 inserendo
479 2905 602 2961 adsiduo
629 2905 730 2961 vindex
756 2905 896 2962 adsiduus
923 2913 988 2962 esta.
1032 2902 1142 2962 Viadau
1170 2905 1293 2978 locuples
1322 2912 1353 2976 ut
1379 2901 1474 2972 detur,

141 3008 268 3082 requirit
290 3006 380 3063 etiam
403 3005 452 3062 lex
469 3005 583 3063 Rubria
606 3025 630 3063 c.
648 3005 683 3062 21
710 3007 815 3080 (vol.I
837 3026 866 3064 n.
883 3004 957 3081 205)
979 3006 1117 3081 idemque
1134 3007 1309 3092 vocabulum
1331 3013 1378 3062 est
1395 3002 1475 3079 apud

141 3117 406 3168 commentatorem
422 3109 484 3165 XII
500 3109 670 3166 tabularum
686 3106 796 3166 Gaium
814 3108 899 3183 (Dig.
917 3109 966 3178 50,
985 3109 1031 3180 16,
1050 3106 1119 3181 234,
1138 3109 1178 3184 1).
1215 3109 1384 3166 Arbitratus
1401 3105 1474 3162 duo-

142 3212 199 3269 viri
223 3231 283 3288 quo
305 3211 467 3286 pertineat,
495 3210 627 3284 explicat
649 3210 741 3282 idem,
772 3230 838 3268 cum
861 3211 984 3285 requirit
1007 3210 1090 3286 (Dig.
1115 3207 1142 3281 2,
1165 3207 1192 3281 2,
1215 3211 1243 3280 5,
1266 3209 1297 3284 1)
1321 3207 1475 3266 fideiusso-

141 3333 203 3371 rem
228 3313 354 3372 sistendi
377 3331 467 3370 causa
488 3313 666 3387 locupletem
684 3331 742 3388 pro
765 3315 807 3368 rei
828 3312 973 3387 qualitate.

226 3413 313 3488 Quae
336 3423 500 3490 sequuntur
521 3413 552 3472 in
573 3413 638 3491 lege
661 3415 797 3472 coloniae
818 3418 849 3471 ai
871 3415 1007 3472 uindicem
1028 3415 1108 3472 dabit
1129 3417 1316 3472 iudicauuve
1339 3413 1430 3489 (male
1445 3415 1475 3470 in

142 3538 211 3577 aere
234 3530 282 3575 est
303 3515 528 3591 indicatumque)
544 3519 650 3592 jaciet,
676 3535 768 3576 secum
790 3517 899 3586 duale,
925 3517 1014 3592 plane
1037 3534 1181 3592 expressa
1203 3524 1272 3574 sunt
1293 3537 1331 3574 ex
1353 3517 1418 3574 XII
1433 3526 1476 3574 ta-

142 3621 235 3678 bulis:
259 3624 291 3677 ai
312 3622 469 3678 iudicatum
483 3622 563 3694 facit
583 3629 634 3676 aut
655 3623 718 3692 quis
741 3620 810 3676 eudo
834 3637 864 3675 ec
886 3621 916 3675 iu
939 3621 1000 3674 iure
1021 3621 1077 3674 uim
1099 3621 1178 3688 dicit,
1200 3637 1292 3676 secura
1315 3621 1418 3677 ducito.

226 3723 303 3779 Item
331 3741 398 3780 cum
424 3721 522 3798 pergit
546 3721 598 3778 lex
621 3720 770 3778 coloniae:
798 3723 860 3778 iure
882 3720 960 3777 civili
982 3723 1105 3778 uinctum
1126 3721 1239 3790 habeto,
1266 3721 1384 3796 adlegat
1404 3739 1476 3796 quo-

143 3827 302 3884 dammodo
326 3831 415 3900 caput
435 3823 499 3880 XII
516 3823 685 3880 tabularum
708 3822 744 3879 de
766 3821 869 3879 eadem
891 3841 936 3879 re:
959 3825 1063 3880 oiucito
1087 3831 1137 3880 aut
1158 3840 1242 3880 cervo
1264 3832 1316 3880 aut
1337 3824 1475 3898 compedi-

143 3929 209 3986 bus:
240 3925 309 3984 XV
323 3929 420 4002 pondo
442 3945 476 3983 ae
496 3930 602 3984 vaiacra
624 3935 675 3983 aut
696 3929 722 3983 si
743 3925 816 3982 uolet
836 3927 943 3981 aratore
964 3927 1083 3982 vincito:
1104 3927 1130 3981 si
1151 3924 1233 3997 ualet,
1263 3944 1314 3982 auc
1335 3928 1421 3981 uiuite
1448 3931 1477 3982 et

143 4049 219 4107 quae
243 4036 417 4104 sequuntur.

228 4130 372 4189 Viuctum
400 4130 506 4188 deinde
532 4131 651 4189 tabulae
678 4139 784 4188 cavent
805 4129 891 4187 trinis
913 4129 1054 4187 nundinis
1081 4130 1112 4186 in
1134 4129 1286 4186 comitium
1312 4128 1478 4205 producen-

144 4235 214 4292 dum
239 4251 316 4304 esse,
339 4233 445 4291 deinde
467 4232 567 4290 venire
591 4250 691 4308 posse.
726 4232 773 4290 De
797 4231 942 4290 vendendi
965 4233 1029 4289 iure
1052 4251 1119 4289 cum
1141 4232 1191 4288 lex
1214 4232 1350 4290 coloniae
1372 4241 1478 4302 taceat,

143 4337 213 4395 inde
240 4337 417 4412 colligemus
441 4333 581 4394 Caesaris
609 4342 707 4393 aetate
729 4353 835 4392 manus
862 4335 1051 4393 iniectionem
1076 4334 1200 4392 iudicati
1226 4343 1255 4391 et
1281 4333 1406 4392 ducendi
1432 4334 1478 4390 ius

143 4441 186 4497 ita
208 4439 368 4508 mansisse,
391 4437 496 4513 utqui
519 4437 625 4494 ductus
648 4447 736 4508 esset,
760 4438 876 4496 vinctus
899 4446 1064 4494 remaneret
1082 4436 1222 4512 quamdiu
1237 4436 1364 4493 creditor
1379 4435 1478 4504 vellet,

144 4540 293 4602 vendendi
315 4541 363 4599 vel
390 4539 543 4598 occidendi
568 4540 634 4597 iure
661 4540 786 4598 sublato.
833 4537 901 4612 Qua
928 4539 964 4596 de
991 4559 1023 4596 re
1051 4539 1107 4597 etsi
1130 4537 1249 4596 aliunde
1271 4556 1388 4613 quoque
1411 4555 1479 4594 con-

104 4631 111 4648 ⁸
146 4653 205 4702 stat
232 4643 274 4717 (r.
298 4661 324 4700 e.
347 4661 372 4699 o.
397 4639 503 4700 Cicero
525 4659 579 4716 pro
596 4641 704 4699 Flacco
721 4641 770 4713 21,
786 4641 841 4711 49;
863 4643 883 4698 l.
906 4641 1021 4700 Rubria
1044 4641 1132 4698 roll
1155 4661 1182 4698 n.
1201 4639 1259 4699 205
1282 4639 1323 4711 ΙΙ,
1343 4639 1390 4696 19.
1414 4640 1479 4714 46),

144 4746 340 4804 nihilominus
357 4744 526 4802 testimonio
549 4744 580 4802 id
596 4753 627 4801 ut
648 4745 747 4815 tacite,
770 4744 812 4801 ita
827 4751 906 4800 certo
922 4752 952 4800 et
968 4743 1098 4802 evidenti
1112 4761 1190 4800 nunc
1213 4741 1382 4800 confirmari
1404 4741 1477 4798 iuris

147 4849 310 4924 prudentes
334 4846 441 4922 opinor
462 4846 561 4921 magni
584 4845 702 4903 facient.

230 4949 379 5006 Extrema
404 4967 481 5023 quae
509 4956 578 5005 sunt
603 4948 634 5004 in
661 4949 718 5005 hoc
746 4947 844 5023 capite
871 4946 946 5022 legis
975 4946 1144 5021 Hispanae:
1176 4950 1203 5004 si
1228 4949 1293 5022 quic
1320 4949 1350 5004 ia
1376 4949 1481 5004 accim

142 5056 242 5128 saciet,
265 5061 313 5108 ast
334 5053 393 5108 eiua
415 5053 546 5118 uincitur,
570 5050 654 5125 dupli
675 5051 795 5106 damnas
819 5057 876 5105 esto
903 5057 932 5105 et
952 5049 1018 5123 ipsa
1040 5048 1189 5122 proficisci
1212 5068 1250 5106 ex
1272 5049 1482 5124 antiquissima

149 5154 214 5230 lege
235 5153 376 5211 Romana
402 5151 450 5207 vel
476 5151 542 5208 sola
569 5151 717 5225 particula
745 5160 790 5208 ast
815 5169 870 5226 pro
898 5153 924 5207 ai
951 5150 1025 5207 satis
1052 5150 1182 5208 ostendit
1210 5150 1241 5206 in
1263 5151 1327 5208 iure
1349 5150 1481 5208 nondum

150 5255 270 5314 inventa
300 5253 359 5312 alsi
388 5253 421 5311 in
446 5252 595 5329 excerptis
626 5271 665 5310 ex
692 5251 755 5310 ΧΗ
783 5251 904 5310 tabulis.
949 5251 1016 5310 Vim
1047 5258 1145 5310 autem
1173 5251 1245 5310 fecit
1273 5253 1380 5329 opinor
1417 5252 1481 5310 vin·
