3596 6040
347 635 394 704 86
683 650 868 703 nouusun
896 648 1081 700 1161111601..
1111 648 1339 699 1111111111.

429 827 479 884 Ab
501 825 596 884 altera
617 834 703 901 parte
725 824 835 899 lapidis
858 823 1001 898 seriptum
1024 830 1072 881 est
1095 837 1166 879 sava
1188 821 1297 880 litteris
1319 821 1492 879 maioribus.

429 930 567 1004 Apparet
581 929 638 985 hoc
657 927 826 1003 fragmento
847 943 905 983 non
929 923 1094 983 continuari
1108 923 1229 998 quidem
1246 925 1373 982 alterum
1389 932 1477 982 antea
1491 931 1605 996 notum,
1630 924 1686 980 sed

347 1047 460 1107 paucos
483 1047 591 1088 versus
613 1029 691 1087 inter
713 1049 749 1086 ea
771 1028 933 1098 excidisse3
960 1028 1017 1084 hoc
1039 1027 1117 1084 enim
1140 1025 1345 1102 complectitur
1367 1025 1431 1083 dies
1453 1027 1531 1102 Aug.
1551 1025 1687 1083 11-19.

346 1130 434 1190 Unde
449 1132 519 1207 quid
535 1132 658 1189 notitiae
674 1139 794 1190 nostrae
809 1129 845 1188 de
860 1129 1062 1187 Romanorum
1079 1130 1169 1187 rebus
1185 1128 1279 1186 sacris
1295 1127 1428 1198 accedat,
1449 1128 1509 1186 iarn
1525 1127 1687 1184 enarrabo,
1796 1126 1797 1131 ’

429 1236 509 1312 Aug.
535 1232 582 1292 12.
620 1231 807 1294 Sacrificium
829 1240 1002 1307 utrumque,
1025 1230 1150 1288 Herculi
1178 1230 1289 1288 invicto
1317 1230 1355 1287 ad
1382 1230 1493 1288 circum
1514 1229 1686 1287 maximum

347 1346 376 1394 et
390 1335 498 1394 Veneri
520 1335 645 1406 victrici,
668 1333 786 1392 Honori
801 1333 922 1404 Virtuti,
945 1333 1097 1392 Felicitati
1119 1334 1150 1390 in
1172 1332 1289 1390 theatro
1306 1331 1443 1408 Pompeii
1466 1331 1589 1390 aliunde
1611 1339 1687 1388 nota

347 1445 416 1495 suut
438 1437 479 1513 (v.
503 1457 532 1512 p.
546 1436 631 1512 399).
668 1437 704 1494 In
728 1435 857 1494 secundo
880 1444 979 1492 tamen
1000 1434 1071 1492 fasti
1092 1435 1123 1491 hi
1144 1434 1273 1492 litteram
1297 1434 1478 1509 singularem
1501 1451 1522 1490 v
1544 1433 1688 1491 inserunt

346 1539 423 1596 iuter
448 1539 602 1598 Honorem
628 1539 775 1598 Virtutem
802 1546 832 1596 et
856 1536 1052 1608 Felicitatem,
1086 1554 1162 1612 quae
1188 1535 1260 1612 quid
1286 1536 1445 1612 significet,
1479 1553 1540 1594 non
1575 1535 1685 1612 liquet.

346 1640 479 1699 Numina
504 1641 577 1700 haec
599 1659 636 1698 ea
663 1648 741 1711 sunt,
773 1639 881 1716 quibus
903 1637 1066 1715 Pompeius
1089 1639 1236 1696 theatrum
1258 1656 1343 1696 suurn
1367 1636 1590 1714 quodammodo
1612 1655 1688 1694 cou-

346 1747 488 1813 secravit3
510 1744 576 1802 fieri
600 1750 708 1818 potest,
730 1750 763 1800 ut
784 1741 823 1799 ad
838 1739 992 1800 Honorem
1008 1749 1039 1799 et
1054 1739 1201 1798 Virtutem
1217 1739 1389 1798 adiunxerit
1407 1743 1479 1797 item
1495 1737 1683 1811 Valentiam,

349 1863 532 1922 quamquam
554 1845 585 1902 id
606 1864 717 1902 numen
738 1844 770 1901 in
792 1843 864 1901 urbe
887 1843 998 1900 cultum
1022 1859 1090 1900 esse
1111 1841 1233 1900 aliunde
1250 1841 1331 1918 quod
1354 1841 1449 1900 sciam
1471 1860 1532 1898 non
1555 1848 1687 1898 constat.

347 1946 394 2004 De
410 1947 545 2004 Victoria
566 1947 645 2004 enim
661 1965 721 2003 uon
744 1944 945 2021 cogitaverim,
969 1963 1087 2001 cumea
1109 1944 1148 2002 sit
1169 1947 1237 2018 ipsa
1251 1943 1355 2002 Venus
1371 1924 1486 2001 victrix¹
1503 1942 1547 2018 (v.
1564 1942 1689 2001 Becker

347 2057 408 2124 top.
432 2068 461 2125 p.
479 2049 538 2107 676
561 2067 696 2125 quaeque
719 2047 878 2105 observavi
899 2045 990 2104 voli
1013 2065 1042 2121 p.
1059 2045 1118 2104 397
1142 2045 1181 2104 ad
1202 2045 1261 2103 Iul.
1287 2045 1349 2121 19).

430 2152 509 2226 Aug.
528 2151 576 2208 13.
619 2149 718 2208 Notae
741 2157 810 2208 sunt
835 2148 927 2206 leriae
955 2148 1035 2220 lovi,
1062 2147 1180 2206 Dianae
1207 2148 1239 2205 in
1261 2149 1428 2220 Aventino,
1450 2148 1622 2206 Vortumno
1653 2147 1686 2204 in

347 2254 508 2326 Aventino,
532 2251 651 2312 Castori
666 2251 785 2311 Polluci
806 2251 838 2308 in
859 2250 937 2308 circo
957 2249 1121 2322 Flamini03
1144 2269 1240 2308 novae
1262 2249 1408 2310 accedunt
1428 2249 1520 2308 binae
1541 2248 1688 2306 Herculis

346 2363 376 2412 et
396 2355 515 2414 Florae.

430 2456 573 2516 Herculis
600 2455 722 2514 victoris
748 2456 823 2512 duas
847 2454 936 2512 aedes
958 2454 1072 2512 Romae
1094 2454 1190 2512 fuisse
1211 2454 1310 2512 Varro
1332 2453 1436 2512 scribit
1458 2453 1554 2530 (apud
1569 2453 1688 2511 Macro·
1765 2439 1767 2444 ⁵

349 2559 432 2616 bium
455 2569 510 2617 sat.
528 2559 556 2628 3,
573 2559 601 2616 6.
621 2559 658 2616 10
680 2566 710 2614 et
725 2554 861 2615 Servium
879 2556 916 2614 ad
932 2557 1008 2614 Aen.
1025 2556 1053 2628 8,
1071 2555 1156 2630 363),
1178 2575 1266 2614 unam
1283 2556 1321 2614 ad
1342 2564 1461 2630 portam
1482 2555 1686 2630 trigeminam,
1793 2573 1794 2580 ³

348 2660 473 2718 alteram
505 2661 536 2717 in
567 2659 634 2717 foro
666 2659 771 2717 boario
804 2657 868 2716 sive
901 2658 932 2714 iu
964 2658 1043 2716 circo
1070 2657 1215 2724 maximo,
1249 2677 1317 2714 nam
1346 2665 1472 2733 utraque
1501 2657 1687 2716 indicatione

349 2761 475 2819 eundem
497 2761 595 2818 locum
617 2759 780 2838 significari
799 2759 928 2817 Rossius
951 2758 1034 2833 (ann.
1055 2759 1124 2816 inst.
1144 2759 1223 2818 1854
1246 2777 1273 2833 p.
1292 2759 1328 2817 31
1343 2757 1420 2834 seq.)
1442 2759 1612 2817 luculenter
1634 2758 1687 2816 de-

349 2865 537 2922 monstravit.
582 2862 622 2920 Et
644 2862 718 2918 haec
740 2859 860 2936 quidem
882 2861 1092 2935 antiquissima
1114 2868 1161 2919 est
1177 2859 1336 2918 Euandrea
1358 2861 1518 2919 coniuncta
1540 2879 1609 2919 curn
1632 2879 1687 2918 ara

348 2965 482 3022 maxima
503 2965 628 3040 eiusque
643 2962 784 3021 Herculis
800 2961 932 3020 Victoris
954 2962 1045 3020 ferias
1061 2961 1270 3020 celeberrimas
1286 2961 1375 3020 modo
1391 2961 1521 3020 vidimus
1536 2961 1686 3020 celebrari

349 3066 395 3124 die
421 3066 557 3140 proxime
587 3063 793 3141 praecedente.
841 3063 929 3121 Alter
950 3063 1098 3121 Hercules
1120 3063 1216 3121 victor
1245 3083 1311 3122 cum
1339 3073 1494 3138 praeterea
1521 3082 1582 3122 non
1605 3080 1684 3120 corn-

348 3174 527 3224 memoretur
551 3167 600 3242 (cf.
616 3166 731 3224 Becker
752 3175 813 3240 top.
828 3184 856 3240 p.
873 3163 960 3240 476),
984 3183 1055 3223 saue
1077 3164 1209 3224 notabile
1229 3173 1275 3224 est
1295 3165 1386 3224 ferias
1409 3165 1474 3224 eius
1497 3165 1631 3223 incidere
1653 3165 1685 3220 in

349 3269 426 3327 diem
449 3271 687 3344 subsequentem.

432 3369 542 3428 Florae
565 3371 653 3428 aedes
675 3368 713 3426 ad
728 3369 839 3426 circum
853 3368 1017 3426 maximum
1040 3377 1073 3426 ut
1095 3368 1169 3426 satis
1184 3379 1256 3426 nota
1277 3376 1324 3426 est
1338 3368 1480 3444 (Tacitus
1496 3387 1564 3426 ann.
1583 3367 1613 3438 2,
1629 3367 1685 3437 493

347 3471 466 3529 Becker
489 3481 548 3546 top.
572 3492 600 3548 p.
617 3473 688 3529 473.
707 3469 796 3545 673),
823 3470 866 3528 ita
893 3469 985 3530 ferias
1008 3471 1072 3526 eius
1095 3469 1168 3527 deae
1190 3470 1290 3527 nullas
1312 3471 1410 3528 adhuc
1432 3488 1575 3528 noramus
1599 3489 1684 3546 prae-

350 3581 396 3630 ter
418 3573 626 3632 celeberrimas
643 3575 716 3650 Apr.
738 3570 908 3630 18611161.
926 3569 1026 3629 3611111
1046 3571 1126 3628 ludis
1142 3570 1313 3630 Floralibus
1337 3576 1510 3632 coniunctas
1533 3571 1577 3645 (v.
1593 3571 1652 3630 vol.
1670 3571 1685 3627 Ι

349 3694 379 3751 p.
397 3672 481 3750 392).
527 3673 615 3748 Quod
637 3675 697 3732 iam
712 3674 894 3749 intellegitur
909 3673 1006 3731 eidem
1027 3673 1098 3730 item
1114 3672 1162 3730 die
1176 3673 1256 3750 Aug.
1275 3675 1312 3732 13
1337 3691 1454 3732 sacrum
1475 3675 1590 3731 factum
1606 3690 1685 3742 esse,

349 3780 488 3851 componi
509 3785 608 3852 potest
623 3795 690 3835 cum
712 3786 785 3834 nota
799 3774 1012 3834 consuetudine
1026 3775 1073 3833 bis
1095 3792 1149 3850 per
1171 3793 1281 3832 annum
1296 3775 1462 3834 violatione
1479 3783 1509 3834 et
1530 3775 1685 3834 rosatione

350 3877 487 3952 sepulcra
509 3879 692 3948 celebrandi3
716 3887 852 3952 tempora
873 3885 972 3934 tamen
994 3884 1183 3952 nequaquam
1205 3877 1394 3935 conveniunt.

432 3981 510 4054 Aug.
530 3981 565 4036 17
589 3999 666 4054 quae
692 3979 903 4037 adscribuntur
928 3979 1022 4038 feriae
1044 3977 1178 4035 Portuno
1201 3978 1238 4034 ad
1265 3987 1386 4052 pontem
1408 3979 1583 4052 Aemilium,
1610 3979 1685 4037 Iano

350 4081 387 4138 ad
409 4082 558 4138 theatrum
581 4081 726 4153 Marcelli,
749 4082 818 4138 item
843 4080 923 4156 quod
945 4079 1080 4156 Anglii
1109 4099 1227 4138 sacrum
1249 4080 1283 4137 fit
1310 4079 1378 4138 divo
1404 4080 1484 4138 Iulio
1512 4080 1551 4138 ad
1574 4081 1683 4152 forum,

349 4183 451 4239 omnia
472 4188 545 4238 nota
567 4190 645 4240 sunt.

433 4283 511 4358 Aug.
531 4283 567 4340 19
596 4284 659 4340 dies
682 4283 832 4340 Vinalium
862 4291 963 4340 notam
991 4282 1081 4340 habet
1106 4285 1136 4340 in
1159 4284 1206 4342 his
1233 4282 1319 4342 fastis
1347 4294 1380 4341 ut
1406 4283 1437 4340 in
1464 4283 1631 4342 Antiatinis
1657 4301 1683 4354 F,

351 4403 417 4441 oum
439 4388 471 4440 in
493 4384 561 4442 aliis
585 4385 623 4442 sit
645 4400 713 4456 Μ,
735 4385 765 4442 in
788 4385 856 4442 aliis
878 4400 907 4439 re
932 4384 1014 4456 (vide
1037 4403 1128 4460 supra
1149 4405 1178 4461 p.
1196 4385 1238 4460 8).
1276 4384 1383 4442 Feriae
1405 4385 1470 4442 Iovi
1493 4395 1593 4444 autem
1616 4386 1684 4442 huic

349 4485 409 4542 diei
436 4485 606 4560 adscriptae
634 4494 666 4542 ut
692 4485 818 4544 aFesto
847 4485 889 4562 (p.
908 4483 981 4560 265)
1009 4493 1132 4544 testatae
1161 4495 1239 4557 sunt,
1266 4487 1309 4544 ita
1335 4488 1367 4544 in
1392 4487 1481 4546 fastis
1506 4487 1683 4546 marmoreis

349 4605 428 4644 nunc
449 4587 579 4663 primum
602 4596 774 4662 comparent
796 4586 900 4661 (roll
923 4607 952 4662 p.
969 4585 1054 4662 399).

433 4687 573 4764 Denique
595 4696 629 4746 ut
651 4689 765 4761 amicis,
794 4689 845 4764 qui
867 4689 973 4746 horum
995 4688 1143 4746 fastorum
1166 4689 1282 4766 copiam
1310 4690 1399 4749 nobis
1421 4691 1565 4763 feceruut,
1593 4691 1681 4749 etiam

349 4809 451 4847 eorum
480 4791 531 4866 qui
558 4791 632 4850 haec
659 4791 760 4867 legent
786 4791 905 4848 nomine
932 4790 1045 4866 gratias
1073 4791 1200 4868 agimur,
1227 4792 1272 4848 ita
1299 4801 1370 4850 vota
1396 4811 1622 4869 nuncupamus,
1652 4799 1684 4848 ut

350 4893 487 4968 egregiae
509 4893 566 4950 hae
588 4893 734 4968 reliquiae
762 4911 834 4950 mox
857 4893 926 4950 data
953 4910 1045 4966 opera
1065 4893 1292 4969 investigentur.
1336 4892 1416 4952 Nam
1441 4903 1604 4970 postquam
1626 4895 1682 4951 duo

350 4993 517 5068 fragmenta
538 4995 581 5052 ita
602 5013 675 5053 casu
697 5003 890 5064 emerserunt,
918 5012 978 5050 nou
1007 4993 1071 5050 sine
1100 5011 1191 5052 causa
1213 4995 1328 5071 sperari
1354 5002 1456 5068 potest
1476 4994 1541 5052 fore
1563 5004 1596 5053 ut
1616 4994 1684 5052 reli·

350 5113 409 5168 qua
425 5114 543 5170 quoque
564 5116 625 5154 non
640 5097 740 5155 omnia
762 5106 881 5172 tempus
904 5094 1078 5165 aboleverit,
1102 5095 1154 5152 sed
1178 5097 1330 5172 supersint
1351 5095 1412 5154 alia
1433 5095 1532 5154 adhuc
1553 5097 1681 5154 defossa.

1385 5197 1444 5255 ΤΗ.
1468 5197 1638 5256 Monusau.
