<?xml version="1.0" encoding="UTF-8"?>
<!DOCTYPE html PUBLIC "-//W3C//DTD XHTML 1.0 Transitional//EN"
    "http://www.w3.org/TR/xhtml1/DTD/xhtml1-transitional.dtd">
<html xmlns="http://www.w3.org/1999/xhtml" xml:lang="en" lang="en">
 <head>
  <title>
</title>
<meta http-equiv="Content-Type" content="text/html;charset=utf-8" />
  <meta name='ocr-system' content='tesseract 3.04.00' />
  <meta name='ocr-capabilities' content='ocr_page ocr_carea ocr_par ocr_line ocrx_word'/>
</head>
<body>
  <div class='ocr_page' id='page_1' title='image "./ephemerisepigra13instgoog_0267.png"; bbox 0 0 3620 6050; ppageno 0'>
   <div class='ocr_carea' id='block_1_1' title="bbox 314 602 1051 672">
    <p class='ocr_par' dir='ltr' id='par_1_1' title="bbox 314 602 1051 672">
     <span class='ocr_line' id='line_1_1' title="bbox 314 602 1051 672; baseline -0.003 0"><span class='ocrx_word' id='word_1_1' title='bbox 314 602 389 672; x_wconf 75' lang='lat'>248</span> <span class='ocrx_word' id='word_1_2' title='bbox 907 620 1051 672; x_wconf 76' lang='lat' dir='ltr'>roenna</span> 
     </span>
    </p>
   </div>
   <div class='ocr_carea' id='block_1_2' title="bbox 314 771 1647 1076">
    <p class='ocr_par' dir='ltr' id='par_1_2' title="bbox 314 771 1647 1076">
     <span class='ocr_line' id='line_1_2' title="bbox 396 771 1645 871; baseline -0.002 -19"><span class='ocrx_word' id='word_1_3' title='bbox 396 771 434 854; x_wconf 68' lang='lat' dir='ltr'>a.</span> <span class='ocrx_word' id='word_1_4' title='bbox 456 785 538 854; x_wconf 77' lang='grc' dir='ltr'>Ι1876</span> <span class='ocrx_word' id='word_1_5' title='bbox 562 795 708 854; x_wconf 87' lang='lat' dir='ltr'>translata</span> <span class='ocrx_word' id='word_1_6' title='bbox 741 793 975 871; x_wconf 89' lang='lat' dir='ltr'>antiquititatum</span> <span class='ocrx_word' id='word_1_7' title='bbox 1009 813 1080 850; x_wconf 90' lang='lat' dir='ltr'>cura</span> <span class='ocrx_word' id='word_1_8' title='bbox 1114 811 1231 852; x_wconf 88' lang='lat' dir='ltr'>summa</span> <span class='ocrx_word' id='word_1_9' title='bbox 1252 792 1289 850; x_wconf 91' lang='lat' dir='ltr'>ad</span> <span class='ocrx_word' id='word_1_10' title='bbox 1312 791 1337 848; x_wconf 93' lang='grc' dir='ltr'>Ι.</span> <span class='ocrx_word' id='word_1_11' title='bbox 1360 792 1538 850; x_wconf 83' lang='lat' dir='ltr'>Fiorellium</span> <span class='ocrx_word' id='word_1_12' title='bbox 1561 793 1645 850; x_wconf 83' lang='lat' dir='ltr'>aedis</span> 
     </span>
     <span class='ocr_line' id='line_1_3' title="bbox 314 893 1646 975; baseline -0.003 -19"><span class='ocrx_word' id='word_1_13' title='bbox 314 898 476 956; x_wconf 80' lang='lat' dir='ltr'><strong>Faustinae</strong></span> <span class='ocrx_word' id='word_1_14' title='bbox 499 897 609 975; x_wconf 86' lang='lat' dir='ltr'>gradus</span> <span class='ocrx_word' id='word_1_15' title='bbox 631 899 733 974; x_wconf 88' lang='lat' dir='ltr'>eisque</span> <span class='ocrx_word' id='word_1_16' title='bbox 760 916 837 974; x_wconf 89' lang='lat' dir='ltr'>quae</span> <span class='ocrx_word' id='word_1_17' title='bbox 866 897 1007 974; x_wconf 89' lang='lat' dir='ltr'>proxima</span> <span class='ocrx_word' id='word_1_18' title='bbox 1034 903 1103 954; x_wconf 89' lang='lat' dir='ltr'>sunt</span> <span class='ocrx_word' id='word_1_19' title='bbox 1129 894 1241 953; x_wconf 86' lang='lat' dir='ltr'>effossa</span> <span class='ocrx_word' id='word_1_20' title='bbox 1263 901 1341 952; x_wconf 87' lang='lat' dir='ltr'>suut.</span> <span class='ocrx_word' id='word_1_21' title='bbox 1385 902 1491 952; x_wconf 82' lang='lat' dir='ltr'>extant</span> <span class='ocrx_word' id='word_1_22' title='bbox 1512 893 1646 952; x_wconf 89' lang='lat' dir='ltr'>eiusdem</span> 
     </span>
     <span class='ocr_line' id='line_1_4' title="bbox 314 997 1647 1076; baseline -0.003 -18"><span class='ocrx_word' id='word_1_23' title='bbox 314 999 487 1058; x_wconf 86' lang='lat' dir='ltr'>Relationes</span> <span class='ocrx_word' id='word_1_24' title='bbox 528 1001 688 1076; x_wconf 80' lang='lat' dir='ltr'>perbreves</span> <span class='ocrx_word' id='word_1_25' title='bbox 727 1018 820 1076; x_wconf 86' lang='lat' dir='ltr'>supra</span> <span class='ocrx_word' id='word_1_26' title='bbox 859 999 978 1058; x_wconf 88' lang='lat' dir='ltr'>citatae.</span> <span class='ocrx_word' id='word_1_27' title='bbox 1023 998 1199 1073; x_wconf 86' lang='lat' dir='ltr'>prodierunt</span> <span class='ocrx_word' id='word_1_28' title='bbox 1234 1016 1270 1058; x_wconf 91' lang='lat' dir='ltr'>co</span> <span class='ocrx_word' id='word_1_29' title='bbox 1303 1015 1381 1056; x_wconf 91' lang='lat' dir='ltr'>anno</span> <span class='ocrx_word' id='word_1_30' title='bbox 1415 1017 1432 1054; x_wconf 86' lang='lat' dir='ltr'>e</span> <span class='ocrx_word' id='word_1_31' title='bbox 1460 1005 1538 1056; x_wconf 87' lang='lat' dir='ltr'>terra</span> <span class='ocrx_word' id='word_1_32' title='bbox 1566 997 1647 1056; x_wconf 92' lang='lat' dir='ltr'>tituli</span> 
     </span>
    </p>
   </div>
   <div class='ocr_carea' id='block_1_3' title="bbox 315 1101 659 1164">
    <p class='ocr_par' dir='ltr' id='par_1_3' title="bbox 315 1101 659 1164">
     <span class='ocr_line' id='line_1_5' title="bbox 315 1101 659 1164; baseline -0.012 0"><span class='ocrx_word' id='word_1_33' title='bbox 315 1101 448 1164; x_wconf 78' lang='lat'><strong>76-82.</strong></span> <span class='ocrx_word' id='word_1_34' title='bbox 472 1101 521 1161; x_wconf 83' lang='grc'>85.</span> <span class='ocrx_word' id='word_1_35' title='bbox 547 1102 604 1161; x_wconf 86' lang='grc'>189</span> <span class='ocrx_word' id='word_1_36' title='bbox 618 1120 659 1164; x_wconf 88' lang='lat' dir='ltr'>ss.</span> 
     </span>
    </p>
   </div>
   <div class='ocr_carea' id='block_1_4' title="bbox 625 1389 1335 1464">
    <p class='ocr_par' dir='ltr' id='par_1_4' title="bbox 625 1389 1335 1464">
     <span class='ocr_line' id='line_1_6' title="bbox 625 1389 1335 1464; baseline -0.003 -1"><span class='ocrx_word' id='word_1_37' title='bbox 625 1389 670 1464; x_wconf 93' lang='lat' dir='ltr'>Il.</span> <span class='ocrx_word' id='word_1_38' title='bbox 724 1389 782 1464; x_wconf 90' lang='lat' dir='ltr'>De</span> <span class='ocrx_word' id='word_1_39' title='bbox 809 1389 1057 1464; x_wconf 83' lang='lat' dir='ltr'>monumentis</span> <span class='ocrx_word' id='word_1_40' title='bbox 1084 1389 1155 1464; x_wconf 87' lang='lat' dir='ltr'>fori</span> <span class='ocrx_word' id='word_1_41' title='bbox 1183 1389 1335 1464; x_wconf 89' lang='lat' dir='ltr'>romani.</span> 
     </span>
    </p>
   </div>
   <div class='ocr_carea' id='block_1_5' title="bbox 312 1595 1647 1985">
    <p class='ocr_par' dir='ltr' id='par_1_5' title="bbox 312 1595 1647 1985">
     <span class='ocr_line' id='line_1_7' title="bbox 397 1595 1646 1675; baseline -0.004 -17"><span class='ocrx_word' id='word_1_42' title='bbox 397 1601 530 1658; x_wconf 86' lang='lat' dir='ltr'>Deorum</span> <span class='ocrx_word' id='word_1_43' title='bbox 553 1600 735 1675; x_wconf 90' lang='lat' dir='ltr'>dearumque</span> <span class='ocrx_word' id='word_1_44' title='bbox 757 1599 931 1657; x_wconf 83' lang='lat' dir='ltr'>memoriam</span> <span class='ocrx_word' id='word_1_45' title='bbox 964 1599 994 1656; x_wconf 90' lang='lat' dir='ltr'>in</span> <span class='ocrx_word' id='word_1_46' title='bbox 1027 1600 1093 1657; x_wconf 88' lang='lat' dir='ltr'>foro</span> <span class='ocrx_word' id='word_1_47' title='bbox 1126 1617 1250 1655; x_wconf 89' lang='lat' dir='ltr'>romano</span> <span class='ocrx_word' id='word_1_48' title='bbox 1277 1597 1347 1654; x_wconf 91' lang='lat' dir='ltr'>olim</span> <span class='ocrx_word' id='word_1_49' title='bbox 1377 1605 1420 1654; x_wconf 86' lang='lat' dir='ltr'>tot</span> <span class='ocrx_word' id='word_1_50' title='bbox 1446 1595 1646 1654; x_wconf 78' lang='lat' dir='ltr'>monumentis</span> 
     </span>
     <span class='ocr_line' id='line_1_8' title="bbox 313 1697 1647 1777; baseline -0.005 -17"><span class='ocrx_word' id='word_1_51' title='bbox 313 1703 491 1761; x_wconf 81' lang='lat' dir='ltr'>celebratam</span> <span class='ocrx_word' id='word_1_52' title='bbox 526 1702 639 1759; x_wconf 86' lang='lat' dir='ltr'>ultimis</span> <span class='ocrx_word' id='word_1_53' title='bbox 671 1702 790 1777; x_wconf 88' lang='lat' dir='ltr'>imperii</span> <span class='ocrx_word' id='word_1_54' title='bbox 822 1701 938 1758; x_wconf 89' lang='lat' dir='ltr'>romani</span> <span class='ocrx_word' id='word_1_55' title='bbox 970 1700 1154 1777; x_wconf 86' lang='lat' dir='ltr'>temporibus</span> <span class='ocrx_word' id='word_1_56' title='bbox 1181 1720 1275 1775; x_wconf 85' lang='lat' dir='ltr'>paene</span> <span class='ocrx_word' id='word_1_57' title='bbox 1306 1700 1468 1757; x_wconf 84' lang='lat' dir='ltr'>extinctam</span> <span class='ocrx_word' id='word_1_58' title='bbox 1496 1717 1565 1756; x_wconf 89' lang='lat' dir='ltr'>esse</span> <span class='ocrx_word' id='word_1_59' title='bbox 1597 1697 1647 1754; x_wconf 88' lang='lat' dir='ltr'>vel</span> 
     </span>
     <span class='ocr_line' id='line_1_9' title="bbox 312 1799 1646 1880; baseline -0.004 -19"><span class='ocrx_word' id='word_1_60' title='bbox 312 1805 387 1864; x_wconf 87' lang='lat' dir='ltr'>haec</span> <span class='ocrx_word' id='word_1_61' title='bbox 408 1803 635 1880; x_wconf 85' lang='lat' dir='ltr'>inscriptionum</span> <span class='ocrx_word' id='word_1_62' title='bbox 659 1804 777 1880; x_wconf 86' lang='lat' dir='ltr'>sylloge</span> <span class='ocrx_word' id='word_1_63' title='bbox 798 1804 892 1861; x_wconf 89' lang='lat' dir='ltr'>docet.</span> <span class='ocrx_word' id='word_1_64' title='bbox 938 1821 1005 1860; x_wconf 89' lang='lat' dir='ltr'>nam</span> <span class='ocrx_word' id='word_1_65' title='bbox 1040 1803 1066 1860; x_wconf 89' lang='lat' dir='ltr'>si</span> <span class='ocrx_word' id='word_1_66' title='bbox 1099 1802 1253 1879; x_wconf 87' lang='lat' dir='ltr'>exceperis</span> <span class='ocrx_word' id='word_1_67' title='bbox 1276 1803 1359 1860; x_wconf 88' lang='lat' dir='ltr'>lovis</span> <span class='ocrx_word' id='word_1_68' title='bbox 1390 1800 1528 1877; x_wconf 89' lang='lat' dir='ltr'>epulonis</span> <span class='ocrx_word' id='word_1_69' title='bbox 1558 1799 1646 1857; x_wconf 89' lang='lat' dir='ltr'>basin</span> 
     </span>
     <span class='ocr_line' id='line_1_10' title="bbox 313 1901 1644 1985; baseline -0.005 -20"><span class='ocrx_word' id='word_1_70' title='bbox 313 1908 436 1985; x_wconf 85' lang='lat' dir='ltr'>originis</span> <span class='ocrx_word' id='word_1_71' title='bbox 459 1907 589 1963; x_wconf 84' lang='lat' dir='ltr'>incertae</span> <span class='ocrx_word' id='word_1_72' title='bbox 611 1905 652 1981; x_wconf 81' lang='lat' dir='ltr'>(r.</span> <span class='ocrx_word' id='word_1_73' title='bbox 674 1906 712 1963; x_wconf 90' lang='lat' dir='ltr'>ad</span> <span class='ocrx_word' id='word_1_74' title='bbox 735 1906 818 1981; x_wconf 85' lang='lat'>151),</span> <span class='ocrx_word' id='word_1_75' title='bbox 842 1905 950 1963; x_wconf 90' lang='lat' dir='ltr'>deinde</span> <span class='ocrx_word' id='word_1_76' title='bbox 971 1904 1074 1963; x_wconf 86' lang='lat' dir='ltr'>titulos</span> <span class='ocrx_word' id='word_1_77' title='bbox 1097 1905 1175 1962; x_wconf 88' lang='lat' dir='ltr'>intra</span> <span class='ocrx_word' id='word_1_78' title='bbox 1196 1904 1314 1962; x_wconf 88' lang='lat' dir='ltr'>aedium</span> <span class='ocrx_word' id='word_1_79' title='bbox 1338 1922 1491 1962; x_wconf 87' lang='lat' dir='ltr'>sacrarum</span> <span class='ocrx_word' id='word_1_80' title='bbox 1513 1901 1644 1978; x_wconf 89' lang='lat' dir='ltr'>parietes</span> 
     </span>
    </p>
   </div>
   <div class='ocr_carea' id='block_1_6' title="bbox 312 2003 1643 2187">
    <p class='ocr_par' dir='ltr' id='par_1_6' title="bbox 312 2003 1643 2187">
     <span class='ocr_line' id='line_1_11' title="bbox 312 2003 1643 2082; baseline -0.004 -16"><span class='ocrx_word' id='word_1_81' title='bbox 312 2009 463 2068; x_wconf 89' lang='lat' dir='ltr'>dedicatos</span> <span class='ocrx_word' id='word_1_82' title='bbox 494 2007 679 2067; x_wconf 86' lang='lat' dir='ltr'>Concordiae</span> <span class='ocrx_word' id='word_1_83' title='bbox 700 2007 848 2082; x_wconf 84' lang='lat'>(11-16.</span> <span class='ocrx_word' id='word_1_84' title='bbox 880 2006 927 2065; x_wconf 82' lang='lat'>50.</span> <span class='ocrx_word' id='word_1_85' title='bbox 961 2005 1033 2081; x_wconf 78' lang='lat'>155)</span> <span class='ocrx_word' id='word_1_86' title='bbox 1063 2006 1177 2065; x_wconf 88' lang='lat' dir='ltr'>Vestae</span> <span class='ocrx_word' id='word_1_87' title='bbox 1203 2007 1270 2082; x_wconf 75' lang='lat'>(532</span> <span class='ocrx_word' id='word_1_88' title='bbox 1301 2025 1329 2062; x_wconf 88' lang='lat' dir='ltr'>v.</span> <span class='ocrx_word' id='word_1_89' title='bbox 1358 2004 1448 2078; x_wconf 82' lang='lat' dir='ltr'>inira)</span> <span class='ocrx_word' id='word_1_90' title='bbox 1478 2003 1643 2061; x_wconf 87' lang='lat' dir='ltr'>Libertatis</span> 
     </span>
     <span class='ocr_line' id='line_1_12' title="bbox 312 2105 1642 2187; baseline -0.006 -18"><span class='ocrx_word' id='word_1_91' title='bbox 312 2110 393 2187; x_wconf 77' lang='lat'>(20),</span> <span class='ocrx_word' id='word_1_92' title='bbox 427 2112 574 2186; x_wconf 87' lang='lat' dir='ltr'>basesque</span> <span class='ocrx_word' id='word_1_93' title='bbox 604 2111 761 2186; x_wconf 84' lang='lat' dir='ltr'>Augustae</span> <span class='ocrx_word' id='word_1_94' title='bbox 789 2110 895 2167; x_wconf 90' lang='lat' dir='ltr'>domus</span> <span class='ocrx_word' id='word_1_95' title='bbox 925 2109 1079 2167; x_wconf 84' lang='lat' dir='ltr'>Fortunae</span> <span class='ocrx_word' id='word_1_96' title='bbox 1105 2109 1220 2167; x_wconf 87' lang='lat' dir='ltr'>Reduci</span> <span class='ocrx_word' id='word_1_97' title='bbox 1243 2107 1396 2166; x_wconf 87' lang='lat' dir='ltr'>Victoriae</span> <span class='ocrx_word' id='word_1_98' title='bbox 1423 2106 1498 2164; x_wconf 88' lang='lat' dir='ltr'>Paci</span> <span class='ocrx_word' id='word_1_99' title='bbox 1527 2105 1642 2164; x_wconf 88' lang='lat' dir='ltr'>dicatas</span> 
     </span>
    </p>
   </div>
   <div class='ocr_carea' id='block_1_7' title="bbox 309 2310 1643 4232">
    <p class='ocr_par' dir='ltr' id='par_1_7' title="bbox 309 2310 1643 4232">
     <span class='ocr_line' id='line_1_13' title="bbox 312 2310 1642 2390; baseline -0.005 -17"><span class='ocrx_word' id='word_1_100' title='bbox 312 2315 389 2374; x_wconf 87' lang='lat' dir='ltr'>sacri</span> <span class='ocrx_word' id='word_1_101' title='bbox 412 2315 634 2390; x_wconf 84' lang='lat' dir='ltr'>relinquuntur:</span> <span class='ocrx_word' id='word_1_102' title='bbox 668 2313 794 2372; x_wconf 85' lang='lat' dir='ltr'>Volcani</span> <span class='ocrx_word' id='word_1_103' title='bbox 818 2314 923 2389; x_wconf 90' lang='lat' dir='ltr'>deique</span> <span class='ocrx_word' id='word_1_104' title='bbox 946 2313 1052 2371; x_wconf 88' lang='lat' dir='ltr'>incerti</span> <span class='ocrx_word' id='word_1_105' title='bbox 1074 2312 1201 2371; x_wconf 87' lang='lat' dir='ltr'>dedicati</span> <span class='ocrx_word' id='word_1_106' title='bbox 1235 2315 1272 2371; x_wconf 91' lang='lat' dir='ltr'>ab</span> <span class='ocrx_word' id='word_1_107' title='bbox 1302 2314 1481 2387; x_wconf 85' lang='lat' dir='ltr'>imperatore</span> <span class='ocrx_word' id='word_1_108' title='bbox 1503 2310 1642 2386; x_wconf 82' lang='lat' dir='ltr'>Augusto</span> 
     </span>
     <span class='ocr_line' id='line_1_14' title="bbox 312 2413 1643 2492; baseline -0.003 -19"><span class='ocrx_word' id='word_1_109' title='bbox 312 2416 397 2492; x_wconf 79' lang='lat'>(121.</span> <span class='ocrx_word' id='word_1_110' title='bbox 423 2415 506 2491; x_wconf 77' lang='lat'>123),</span> <span class='ocrx_word' id='word_1_111' title='bbox 529 2417 667 2475; x_wconf 88' lang='lat' dir='ltr'>Herculis</span> <span class='ocrx_word' id='word_1_112' title='bbox 687 2415 836 2474; x_wconf 87' lang='lat' dir='ltr'>Tiburtini</span> <span class='ocrx_word' id='word_1_113' title='bbox 859 2415 907 2490; x_wconf 76' lang='lat'>(72</span> <span class='ocrx_word' id='word_1_114' title='bbox 931 2435 1111 2491; x_wconf 88' lang='lat' dir='ltr'>quamquam</span> <span class='ocrx_word' id='word_1_115' title='bbox 1133 2415 1190 2472; x_wconf 89' lang='lat' dir='ltr'>hoc</span> <span class='ocrx_word' id='word_1_116' title='bbox 1212 2433 1330 2490; x_wconf 88' lang='lat' dir='ltr'>quoque</span> <span class='ocrx_word' id='word_1_117' title='bbox 1352 2421 1574 2472; x_wconf 89' lang='lat' dir='ltr'>monumentum</span> <span class='ocrx_word' id='word_1_118' title='bbox 1597 2413 1643 2488; x_wconf 89' lang='lat' dir='ltr'>ip·</span> 
     </span>
     <span class='ocr_line' id='line_1_15' title="bbox 311 2506 1642 2598; baseline -0.006 -21"><span class='ocrx_word' id='word_1_119' title='bbox 311 2520 373 2577; x_wconf 91' lang='lat' dir='ltr'>sius</span> <span class='ocrx_word' id='word_1_120' title='bbox 396 2522 527 2577; x_wconf 78' lang='lat' dir='ltr'>stationis</span> <span class='ocrx_word' id='word_1_121' title='bbox 548 2519 598 2577; x_wconf 93' lang='lat' dir='ltr'>ubi</span> <span class='ocrx_word' id='word_1_122' title='bbox 620 2520 743 2576; x_wconf 84' lang='lat' dir='ltr'>extabat</span> <span class='ocrx_word' id='word_1_123' title='bbox 764 2518 858 2576; x_wconf 90' lang='lat' dir='ltr'>tutela</span> <span class='ocrx_word' id='word_1_124' title='bbox 879 2517 1046 2592; x_wconf 84' lang='lat' dir='ltr'>utebatur),</span> <span class='ocrx_word' id='word_1_125' title='bbox 1069 2517 1147 2575; x_wconf 91' lang='lat' dir='ltr'>tituli</span> <span class='ocrx_word' id='word_1_126' title='bbox 1168 2507 1288 2590; x_wconf 68' lang='grc' dir='ltr'>Ἀθάνᾳ</span> <span class='ocrx_word' id='word_1_127' title='bbox 1311 2506 1489 2598; x_wconf 76' lang='grc' dir='ltr'><em>ἆποτροπαίᾳ</em></span> <span class='ocrx_word' id='word_1_128' title='bbox 1511 2523 1541 2573; x_wconf 90' lang='lat' dir='ltr'>et</span> <span class='ocrx_word' id='word_1_129' title='bbox 1562 2509 1642 2570; x_wconf 74' lang='lat' dir='ltr'>uiuu-</span> 
     </span>
     <span class='ocr_line' id='line_1_16' title="bbox 312 2609 1640 2694; baseline -0.004 -16"><span class='ocrx_word' id='word_1_130' title='bbox 312 2609 439 2681; x_wconf 77' lang='lat' dir='ltr'>uruu&#39;uorr</span> <span class='ocrx_word' id='word_1_131' title='bbox 454 2616 535 2682; x_wconf 73' lang='grc' dir='ltr'><strong><em>θεοῖς</em></strong></span> <span class='ocrx_word' id='word_1_132' title='bbox 557 2639 590 2678; x_wconf 80' lang='lat' dir='ltr'>er</span> <span class='ocrx_word' id='word_1_133' title='bbox 611 2621 727 2680; x_wconf 84' lang='lat' dir='ltr'>oraculo</span> <span class='ocrx_word' id='word_1_134' title='bbox 750 2620 878 2678; x_wconf 88' lang='lat' dir='ltr'>dedicati</span> <span class='ocrx_word' id='word_1_135' title='bbox 903 2619 1198 2694; x_wconf 71' lang='lat' dir='ltr'>(malatesta),</span> <span class='ocrx_word' id='word_1_136' title='bbox 1221 2620 1278 2676; x_wconf 94' lang='lat' dir='ltr'>hoc</span> <span class='ocrx_word' id='word_1_137' title='bbox 1299 2629 1347 2677; x_wconf 88' lang='lat' dir='ltr'>est</span> <span class='ocrx_word' id='word_1_138' title='bbox 1369 2620 1405 2676; x_wconf 89' lang='lat' dir='ltr'>de</span> <span class='ocrx_word' id='word_1_139' title='bbox 1427 2617 1562 2677; x_wconf 90' lang='lat' dir='ltr'>ducentis</span> <span class='ocrx_word' id='word_1_140' title='bbox 1585 2617 1640 2674; x_wconf 90' lang='lat' dir='ltr'>cir·</span> 
     </span>
     <span class='ocr_line' id='line_1_17' title="bbox 311 2719 1641 2800; baseline -0.003 -20"><span class='ocrx_word' id='word_1_141' title='bbox 311 2723 385 2781; x_wconf 91' lang='lat' dir='ltr'>citer</span> <span class='ocrx_word' id='word_1_142' title='bbox 399 2722 541 2799; x_wconf 87' lang='lat' dir='ltr'>quinque.</span> <span class='ocrx_word' id='word_1_143' title='bbox 574 2741 633 2798; x_wconf 91' lang='lat' dir='ltr'>quo</span> <span class='ocrx_word' id='word_1_144' title='bbox 650 2723 746 2800; x_wconf 85' lang='lat' dir='ltr'>magis</span> <span class='ocrx_word' id='word_1_145' title='bbox 762 2723 928 2780; x_wconf 87' lang='lat' dir='ltr'>mirandum</span> <span class='ocrx_word' id='word_1_146' title='bbox 944 2730 1025 2780; x_wconf 92' lang='lat' dir='ltr'>esset</span> <span class='ocrx_word' id='word_1_147' title='bbox 1039 2722 1119 2797; x_wconf 93' lang='lat' dir='ltr'>quod</span> <span class='ocrx_word' id='word_1_148' title='bbox 1134 2741 1212 2780; x_wconf 90' lang='lat' dir='ltr'>anno</span> <span class='ocrx_word' id='word_1_149' title='bbox 1229 2721 1288 2779; x_wconf 81' lang='lat'>367</span> <span class='ocrx_word' id='word_1_150' title='bbox 1305 2740 1332 2796; x_wconf 93' lang='lat' dir='ltr'>p.</span> <span class='ocrx_word' id='word_1_151' title='bbox 1343 2719 1378 2779; x_wconf 89' lang='lat' dir='ltr'>C.</span> <span class='ocrx_word' id='word_1_152' title='bbox 1396 2723 1510 2778; x_wconf 85' lang='lat' dir='ltr'>deorum</span> <span class='ocrx_word' id='word_1_153' title='bbox 1526 2738 1641 2777; x_wconf 85' lang='lat' dir='ltr'>consea-</span> 
     </span>
     <span class='ocr_line' id='line_1_18' title="bbox 311 2822 1641 2900; baseline -0.002 -18"><span class='ocrx_word' id='word_1_154' title='bbox 311 2827 380 2882; x_wconf 83' lang='lat' dir='ltr'>tium</span> <span class='ocrx_word' id='word_1_155' title='bbox 406 2835 589 2884; x_wconf 84' lang='lat' dir='ltr'>sacrosancta</span> <span class='ocrx_word' id='word_1_156' title='bbox 615 2826 771 2884; x_wconf 82' lang='lat' dir='ltr'>simulacra</span> <span class='ocrx_word' id='word_1_157' title='bbox 797 2826 956 2883; x_wconf 87' lang='lat' dir='ltr'>restituere</span> <span class='ocrx_word' id='word_1_158' title='bbox 978 2824 1093 2900; x_wconf 87' lang='lat' dir='ltr'>placuit</span> <span class='ocrx_word' id='word_1_159' title='bbox 1114 2824 1173 2900; x_wconf 77' lang='lat'>(2),</span> <span class='ocrx_word' id='word_1_160' title='bbox 1200 2824 1258 2882; x_wconf 92' lang='lat' dir='ltr'>nisi</span> <span class='ocrx_word' id='word_1_161' title='bbox 1281 2823 1329 2881; x_wconf 90' lang='lat' dir='ltr'>De</span> <span class='ocrx_word' id='word_1_162' title='bbox 1351 2823 1454 2882; x_wconf 86' lang='lat' dir='ltr'>Rossii</span> <span class='ocrx_word' id='word_1_163' title='bbox 1477 2822 1641 2900; x_wconf 87' lang='lat' dir='ltr'>praeclaris</span> 
     </span>
     <span class='ocr_line' id='line_1_19' title="bbox 311 2925 1641 3004; baseline -0.003 -20"><span class='ocrx_word' id='word_1_164' title='bbox 311 2926 563 3003; x_wconf 88' lang='lat' dir='ltr'>disputationibus</span> <span class='ocrx_word' id='word_1_165' title='bbox 586 2935 745 2998; x_wconf 88' lang='lat' dir='ltr'>constaret,</span> <span class='ocrx_word' id='word_1_166' title='bbox 776 2927 873 3003; x_wconf 91' lang='lat' dir='ltr'>quarti</span> <span class='ocrx_word' id='word_1_167' title='bbox 895 2928 1051 3004; x_wconf 81' lang='lat' dir='ltr'>quietique</span> <span class='ocrx_word' id='word_1_168' title='bbox 1074 2927 1262 2985; x_wconf 87' lang='lat' dir='ltr'>saeculorum</span> <span class='ocrx_word' id='word_1_169' title='bbox 1283 2927 1479 3002; x_wconf 87' lang='lat' dir='ltr'>imperatores</span> <span class='ocrx_word' id='word_1_170' title='bbox 1502 2925 1641 2983; x_wconf 88' lang='lat' dir='ltr'>christia·</span> 
     </span>
     <span class='ocr_line' id='line_1_20' title="bbox 311 3017 1642 3110; baseline -0.002 -24"><span class='ocrx_word' id='word_1_171' title='bbox 311 3048 365 3087; x_wconf 91' lang='lat' dir='ltr'>nos</span> <span class='ocrx_word' id='word_1_172' title='bbox 387 3029 430 3086; x_wconf 90' lang='lat' dir='ltr'>ita</span> <span class='ocrx_word' id='word_1_173' title='bbox 451 3047 511 3087; x_wconf 93' lang='lat' dir='ltr'>non</span> <span class='ocrx_word' id='word_1_174' title='bbox 532 3029 563 3086; x_wconf 94' lang='lat' dir='ltr'>in</span> <span class='ocrx_word' id='word_1_175' title='bbox 586 3047 704 3106; x_wconf 83' lang='lat' dir='ltr'>pagana</span> <span class='ocrx_word' id='word_1_176' title='bbox 719 3043 910 3110; x_wconf 84' lang='lat' dir='ltr'>rqonumenta</span> <span class='ocrx_word' id='word_1_177' title='bbox 932 3017 1066 3089; x_wconf 78' lang='lat' dir='ltr'>saevissie</span> <span class='ocrx_word' id='word_1_178' title='bbox 1089 3038 1120 3087; x_wconf 91' lang='lat' dir='ltr'>ut</span> <span class='ocrx_word' id='word_1_179' title='bbox 1143 3049 1179 3086; x_wconf 89' lang='lat' dir='ltr'>ea</span> <span class='ocrx_word' id='word_1_180' title='bbox 1199 3029 1266 3086; x_wconf 91' lang='lat' dir='ltr'>urbi</span> <span class='ocrx_word' id='word_1_181' title='bbox 1281 3029 1380 3086; x_wconf 88' lang='lat' dir='ltr'>decori</span> <span class='ocrx_word' id='word_1_182' title='bbox 1402 3045 1469 3086; x_wconf 84' lang='lat' dir='ltr'>ease</span> <span class='ocrx_word' id='word_1_183' title='bbox 1491 3027 1642 3086; x_wconf 89' lang='lat' dir='ltr'>voluerint</span> 
     </span>
     <span class='ocr_line' id='line_1_21' title="bbox 310 3131 1640 3208; baseline -0.001 -20"><span class='ocrx_word' id='word_1_184' title='bbox 310 3132 450 3207; x_wconf 90' lang='lat' dir='ltr'>adempta</span> <span class='ocrx_word' id='word_1_185' title='bbox 472 3131 694 3208; x_wconf 87' lang='lat' dir='ltr'>superstitione.</span> <span class='ocrx_word' id='word_1_186' title='bbox 740 3131 793 3190; x_wconf 91' lang='lat' dir='ltr'>sed</span> <span class='ocrx_word' id='word_1_187' title='bbox 809 3141 1041 3190; x_wconf 87' lang='lat' dir='ltr'>consentaneum</span> <span class='ocrx_word' id='word_1_188' title='bbox 1064 3138 1111 3190; x_wconf 91' lang='lat' dir='ltr'>est</span> <span class='ocrx_word' id='word_1_189' title='bbox 1134 3151 1253 3190; x_wconf 89' lang='lat' dir='ltr'>ararum</span> <span class='ocrx_word' id='word_1_190' title='bbox 1274 3131 1487 3207; x_wconf 86' lang='lat' dir='ltr'>signorumque</span> <span class='ocrx_word' id='word_1_191' title='bbox 1511 3131 1640 3206; x_wconf 87' lang='lat' dir='ltr'>antiqui·</span> 
     </span>
     <span class='ocr_line' id='line_1_22' title="bbox 310 3233 1641 3309; baseline 0 -18"><span class='ocrx_word' id='word_1_192' title='bbox 310 3242 358 3292; x_wconf 88' lang='lat' dir='ltr'>tus</span> <span class='ocrx_word' id='word_1_193' title='bbox 379 3234 409 3290; x_wconf 94' lang='lat' dir='ltr'>in</span> <span class='ocrx_word' id='word_1_194' title='bbox 431 3233 497 3290; x_wconf 85' lang='lat' dir='ltr'>foro</span> <span class='ocrx_word' id='word_1_195' title='bbox 518 3234 719 3292; x_wconf 90' lang='lat' dir='ltr'>dedicatorum</span> <span class='ocrx_word' id='word_1_196' title='bbox 744 3243 857 3309; x_wconf 87' lang='lat' dir='ltr'>partem</span> <span class='ocrx_word' id='word_1_197' title='bbox 880 3235 1022 3292; x_wconf 89' lang='lat' dir='ltr'>maiorem</span> <span class='ocrx_word' id='word_1_198' title='bbox 1044 3241 1089 3292; x_wconf 89' lang='lat' dir='ltr'>tot</span> <span class='ocrx_word' id='word_1_199' title='bbox 1104 3251 1247 3292; x_wconf 85' lang='lat' dir='ltr'>novorum</span> <span class='ocrx_word' id='word_1_200' title='bbox 1264 3241 1522 3291; x_wconf 89' lang='lat' dir='ltr'>monumentorum</span> <span class='ocrx_word' id='word_1_201' title='bbox 1545 3252 1641 3309; x_wconf 89' lang='lat' dir='ltr'>paene</span> 
     </span>
     <span class='ocr_line' id='line_1_23' title="bbox 311 3335 1641 3412; baseline 0 -19"><span class='ocrx_word' id='word_1_202' title='bbox 311 3336 438 3412; x_wconf 87' lang='lat' dir='ltr'>singulis</span> <span class='ocrx_word' id='word_1_203' title='bbox 461 3336 548 3392; x_wconf 88' lang='lat' dir='ltr'>annis</span> <span class='ocrx_word' id='word_1_204' title='bbox 570 3336 637 3393; x_wconf 85' lang='lat' dir='ltr'>loro</span> <span class='ocrx_word' id='word_1_205' title='bbox 659 3336 871 3395; x_wconf 91' lang='lat' dir='ltr'>immolitorum</span> <span class='ocrx_word' id='word_1_206' title='bbox 892 3337 1050 3411; x_wconf 91' lang='lat' dir='ltr'>irruptioni</span> <span class='ocrx_word' id='word_1_207' title='bbox 1072 3337 1229 3395; x_wconf 88' lang='lat' dir='ltr'>continuae</span> <span class='ocrx_word' id='word_1_208' title='bbox 1259 3337 1385 3394; x_wconf 89' lang='lat' dir='ltr'>cessisse</span> <span class='ocrx_word' id='word_1_209' title='bbox 1418 3335 1574 3411; x_wconf 86' lang='lat' dir='ltr'>paulatim,</span> <span class='ocrx_word' id='word_1_210' title='bbox 1608 3342 1641 3393; x_wconf 90' lang='lat' dir='ltr'>ut</span> 
     </span>
     <span class='ocr_line' id='line_1_24' title="bbox 310 3434 1640 3514; baseline -0.001 -18"><span class='ocrx_word' id='word_1_211' title='bbox 310 3457 370 3496; x_wconf 94' lang='lat' dir='ltr'>non</span> <span class='ocrx_word' id='word_1_212' title='bbox 392 3437 435 3495; x_wconf 91' lang='lat' dir='ltr'>ita</span> <span class='ocrx_word' id='word_1_213' title='bbox 457 3437 550 3494; x_wconf 90' lang='lat' dir='ltr'>multa</span> <span class='ocrx_word' id='word_1_214' title='bbox 572 3439 744 3497; x_wconf 89' lang='lat' dir='ltr'>duraverint</span> <span class='ocrx_word' id='word_1_215' title='bbox 765 3439 803 3496; x_wconf 88' lang='lat' dir='ltr'>ad</span> <span class='ocrx_word' id='word_1_216' title='bbox 825 3439 1035 3514; x_wconf 89' lang='lat' dir='ltr'>imperatorum</span> <span class='ocrx_word' id='word_1_217' title='bbox 1058 3439 1177 3497; x_wconf 89' lang='lat' dir='ltr'>illorum</span> <span class='ocrx_word' id='word_1_218' title='bbox 1199 3438 1307 3496; x_wconf 85' lang='lat' dir='ltr'>nedum</span> <span class='ocrx_word' id='word_1_219' title='bbox 1331 3438 1370 3495; x_wconf 88' lang='lat' dir='ltr'>ad</span> <span class='ocrx_word' id='word_1_220' title='bbox 1390 3434 1579 3496; x_wconf 87' lang='lat' dir='ltr'>‘barbaricae</span> <span class='ocrx_word' id='word_1_221' title='bbox 1600 3443 1640 3496; x_wconf 90' lang='lat' dir='ltr'>ir·</span> 
     </span>
     <span class='ocr_line' id='line_1_25' title="bbox 310 3533 1639 3617; baseline 0 -19"><span class='ocrx_word' id='word_1_222' title='bbox 310 3533 469 3617; x_wconf 84' lang='lat' dir='ltr'>ruptionis&#39;</span> <span class='ocrx_word' id='word_1_223' title='bbox 501 3547 644 3615; x_wconf 90' lang='lat' dir='ltr'>tempora.</span> <span class='ocrx_word' id='word_1_224' title='bbox 688 3540 788 3617; x_wconf 87' lang='lat' dir='ltr'>itaque</span> <span class='ocrx_word' id='word_1_225' title='bbox 812 3542 953 3599; x_wconf 88' lang='lat' dir='ltr'>detractis</span> <span class='ocrx_word' id='word_1_226' title='bbox 985 3541 1048 3599; x_wconf 91' lang='lat' dir='ltr'>illis</span> <span class='ocrx_word' id='word_1_227' title='bbox 1082 3542 1176 3600; x_wconf 90' lang='lat' dir='ltr'>titulis</span> <span class='ocrx_word' id='word_1_228' title='bbox 1209 3541 1303 3598; x_wconf 90' lang='lat' dir='ltr'>sacris</span> <span class='ocrx_word' id='word_1_229' title='bbox 1333 3541 1405 3616; x_wconf 91' lang='lat' dir='ltr'>quid</span> <span class='ocrx_word' id='word_1_230' title='bbox 1427 3540 1534 3597; x_wconf 88' lang='lat' dir='ltr'>mirum</span> <span class='ocrx_word' id='word_1_231' title='bbox 1558 3541 1639 3616; x_wconf 87' lang='lat' dir='ltr'>quod</span> 
     </span>
     <span class='ocr_line' id='line_1_26' title="bbox 309 3642 1638 3721; baseline 0.002 -21"><span class='ocrx_word' id='word_1_232' title='bbox 309 3642 416 3717; x_wconf 90' lang='lat' dir='ltr'>reliqui</span> <span class='ocrx_word' id='word_1_233' title='bbox 440 3651 509 3700; x_wconf 89' lang='lat' dir='ltr'>sunt</span> <span class='ocrx_word' id='word_1_234' title='bbox 529 3642 664 3718; x_wconf 91' lang='lat' dir='ltr'>plerique</span> <span class='ocrx_word' id='word_1_235' title='bbox 680 3644 834 3721; x_wconf 87' lang='lat' dir='ltr'>Augustae</span> <span class='ocrx_word' id='word_1_236' title='bbox 857 3645 963 3703; x_wconf 89' lang='lat' dir='ltr'>domus</span> <span class='ocrx_word' id='word_1_237' title='bbox 980 3644 1170 3718; x_wconf 84' lang='lat' dir='ltr'>virorumque</span> <span class='ocrx_word' id='word_1_238' title='bbox 1190 3643 1404 3701; x_wconf 89' lang='lat' dir='ltr'>honoratorum</span> <span class='ocrx_word' id='word_1_239' title='bbox 1426 3643 1563 3718; x_wconf 88' lang='lat' dir='ltr'>interque</span> <span class='ocrx_word' id='word_1_240' title='bbox 1585 3662 1638 3702; x_wconf 90' lang='lat' dir='ltr'>eos</span> 
     </span>
     <span class='ocr_line' id='line_1_27' title="bbox 310 3745 1636 3821; baseline 0.002 -20"><span class='ocrx_word' id='word_1_241' title='bbox 310 3763 438 3820; x_wconf 90' lang='lat' dir='ltr'>quorum</span> <span class='ocrx_word' id='word_1_242' title='bbox 461 3753 544 3802; x_wconf 90' lang='lat' dir='ltr'>aetas</span> <span class='ocrx_word' id='word_1_243' title='bbox 567 3753 648 3802; x_wconf 87' lang='lat' dir='ltr'>certa</span> <span class='ocrx_word' id='word_1_244' title='bbox 681 3745 720 3803; x_wconf 90' lang='lat' dir='ltr'>sit</span> <span class='ocrx_word' id='word_1_245' title='bbox 743 3746 795 3803; x_wconf 90' lang='lat' dir='ltr'>vix</span> <span class='ocrx_word' id='word_1_246' title='bbox 828 3746 980 3804; x_wconf 91' lang='lat' dir='ltr'>dimidiam</span> <span class='ocrx_word' id='word_1_247' title='bbox 1013 3754 1126 3821; x_wconf 88' lang='lat' dir='ltr'>partem</span> <span class='ocrx_word' id='word_1_248' title='bbox 1150 3745 1282 3803; x_wconf 86' lang='lat' dir='ltr'>efficiunt</span> <span class='ocrx_word' id='word_1_249' title='bbox 1314 3745 1394 3802; x_wconf 89' lang='lat' dir='ltr'>tituli</span> <span class='ocrx_word' id='word_1_250' title='bbox 1417 3745 1636 3803; x_wconf 88' lang='lat' dir='ltr'>Antoninorum</span> 
     </span>
     <span class='ocr_line' id='line_1_28' title="bbox 310 3847 1637 3924; baseline 0 -20"><span class='ocrx_word' id='word_1_251' title='bbox 310 3855 407 3905; x_wconf 89' lang='lat' dir='ltr'>aetate</span> <span class='ocrx_word' id='word_1_252' title='bbox 436 3847 631 3922; x_wconf 88' lang='lat' dir='ltr'>antiquiores,</span> <span class='ocrx_word' id='word_1_253' title='bbox 661 3848 773 3906; x_wconf 89' lang='lat' dir='ltr'>liberae</span> <span class='ocrx_word' id='word_1_254' title='bbox 795 3855 893 3906; x_wconf 90' lang='lat' dir='ltr'>autem</span> <span class='ocrx_word' id='word_1_255' title='bbox 919 3849 960 3906; x_wconf 91' lang='lat' dir='ltr'>rei</span> <span class='ocrx_word' id='word_1_256' title='bbox 989 3848 1124 3924; x_wconf 90' lang='lat' dir='ltr'>publicae</span> <span class='ocrx_word' id='word_1_257' title='bbox 1151 3847 1333 3924; x_wconf 89' lang='lat' dir='ltr'>temporibus</span> <span class='ocrx_word' id='word_1_258' title='bbox 1355 3847 1528 3924; x_wconf 88' lang='lat' dir='ltr'>paucissimi</span> <span class='ocrx_word' id='word_1_259' title='bbox 1552 3849 1637 3923; x_wconf 89' lang='lat' dir='ltr'>eique</span> 
     </span>
     <span class='ocr_line' id='line_1_29' title="bbox 310 3949 1636 4028; baseline -0.001 -21"><span class='ocrx_word' id='word_1_260' title='bbox 310 3951 452 4008; x_wconf 86' lang='lat' dir='ltr'>extremis</span> <span class='ocrx_word' id='word_1_261' title='bbox 469 3949 573 4026; x_wconf 92' lang='lat' dir='ltr'>scripti</span> <span class='ocrx_word' id='word_1_262' title='bbox 595 3958 673 4007; x_wconf 88' lang='lat' dir='ltr'>sunt.</span> <span class='ocrx_word' id='word_1_263' title='bbox 708 3969 922 4028; x_wconf 89' lang='lat' dir='ltr'>quaeresque</span> <span class='ocrx_word' id='word_1_264' title='bbox 939 3951 1050 4008; x_wconf 90' lang='lat' dir='ltr'>clarius</span> <span class='ocrx_word' id='word_1_265' title='bbox 1066 3955 1265 4026; x_wconf 80' lang='lat' dir='ltr'>cognoscatur</span> <span class='ocrx_word' id='word_1_266' title='bbox 1286 3949 1461 4007; x_wconf 88' lang='lat' dir='ltr'>laterculum</span> <span class='ocrx_word' id='word_1_267' title='bbox 1483 3949 1636 4007; x_wconf 90' lang='lat' dir='ltr'>titulorum</span> 
     </span>
     <span class='ocr_line' id='line_1_30' title="bbox 309 4041 1636 4128; baseline 0 -18"><span class='ocrx_word' id='word_1_268' title='bbox 309 4061 390 4110; x_wconf 87' lang='lat' dir='ltr'>certa</span> <span class='ocrx_word' id='word_1_269' title='bbox 412 4052 518 4110; x_wconf 87' lang='lat' dir='ltr'>aetatis</span> <span class='ocrx_word' id='word_1_270' title='bbox 542 4058 614 4108; x_wconf 89' lang='lat' dir='ltr'>nota</span> <span class='ocrx_word' id='word_1_271' title='bbox 634 4041 797 4128; x_wconf 86' lang='lat' dir='ltr'>insignium</span> <span class='ocrx_word' id='word_1_272' title='bbox 820 4053 900 4112; x_wconf 88' lang='lat' dir='ltr'>infra</span> <span class='ocrx_word' id='word_1_273' title='bbox 921 4053 1044 4111; x_wconf 87' lang='lat' dir='ltr'>exhibui</span> <span class='ocrx_word' id='word_1_274' title='bbox 1060 4052 1211 4110; x_wconf 86' lang='lat' dir='ltr'>distinctis</span> <span class='ocrx_word' id='word_1_275' title='bbox 1235 4050 1378 4110; x_wconf 86' lang='lat' dir='ltr'>aedificiis</span> <span class='ocrx_word' id='word_1_276' title='bbox 1401 4051 1539 4128; x_wconf 89' lang='lat' dir='ltr'>publicis,</span> <span class='ocrx_word' id='word_1_277' title='bbox 1561 4070 1636 4127; x_wconf 91' lang='lat' dir='ltr'>quae</span> 
     </span>
     <span class='ocr_line' id='line_1_31' title="bbox 309 4154 875 4232; baseline 0.004 -20"><span class='ocrx_word' id='word_1_278' title='bbox 309 4173 405 4232; x_wconf 86' lang='lat' dir='ltr'>pauca</span> <span class='ocrx_word' id='word_1_279' title='bbox 428 4163 507 4224; x_wconf 86' lang='lat' dir='ltr'>sunt,</span> <span class='ocrx_word' id='word_1_280' title='bbox 528 4154 697 4212; x_wconf 87' lang='lat' dir='ltr'>litteratura</span> <span class='ocrx_word' id='word_1_281' title='bbox 718 4155 875 4230; x_wconf 87' lang='lat' dir='ltr'>quadrata.</span> 
     </span>
    </p>
   </div>
   <div class='ocr_carea' id='block_1_8' title="bbox 310 4357 1613 4435">
    <p class='ocr_par' dir='ltr' id='par_1_8' title="bbox 310 4357 1613 4435">
     <span class='ocr_line' id='line_1_32' title="bbox 310 4357 1613 4435; baseline -0.001 -18"><span class='ocrx_word' id='word_1_282' title='bbox 310 4357 445 4435; x_wconf 74' lang='lat' dir='ltr'>Syllopae</span> <span class='ocrx_word' id='word_1_283' title='bbox 459 4378 591 4418; x_wconf 83' lang='lat' dir='ltr'>numerus</span> <span class='ocrx_word' id='word_1_284' title='bbox 818 4370 1022 4420; x_wconf 81' lang='lat' dir='ltr'>monumentum</span> <span class='ocrx_word' id='word_1_285' title='bbox 1290 4377 1383 4417; x_wconf 84' lang='lat' dir='ltr'>uanus</span> <span class='ocrx_word' id='word_1_286' title='bbox 1406 4357 1509 4435; x_wconf 80' lang='lat' dir='ltr'>(aetas,</span> <span class='ocrx_word' id='word_1_287' title='bbox 1532 4358 1613 4435; x_wconf 84' lang='lat' dir='ltr'>imp.)</span> 
     </span>
    </p>
   </div>
   <div class='ocr_carea' id='block_1_9' title="bbox 331 4563 1535 5357">
    <p class='ocr_par' dir='ltr' id='par_1_9' title="bbox 331 4563 1535 5357">
     <span class='ocr_line' id='line_1_33' title="bbox 331 4563 1369 4624; baseline 0.001 -2"><span class='ocrx_word' id='word_1_288' title='bbox 331 4563 369 4622; x_wconf 77' lang='lat'>92</span> <span class='ocrx_word' id='word_1_289' title='bbox 614 4581 713 4624; x_wconf 72' lang='lat' dir='ltr'>Ancus</span> <span class='ocrx_word' id='word_1_290' title='bbox 734 4582 882 4624; x_wconf 75' lang='lat' dir='ltr'>rasrnuvs</span> <span class='ocrx_word' id='word_1_291' title='bbox 902 4567 1000 4624; x_wconf 86' lang='lat' dir='ltr'>faetus</span> <span class='ocrx_word' id='word_1_292' title='bbox 1062 4610 1069 4624; x_wconf 89' lang='lat'><strong>.</strong></span> <span class='ocrx_word' id='word_1_293' title='bbox 1114 4609 1121 4623; x_wconf 87' lang='lat'><strong>.</strong></span> <span class='ocrx_word' id='word_1_294' title='bbox 1166 4608 1173 4621; x_wconf 92' lang='lat'>.</span> <span class='ocrx_word' id='word_1_295' title='bbox 1219 4609 1225 4622; x_wconf 92' lang='lat'><strong>.</strong></span> <span class='ocrx_word' id='word_1_296' title='bbox 1270 4565 1369 4623; x_wconf 74' lang='lat' dir='ltr'>aeas</span> 
     </span>
     <span class='ocr_line' id='line_1_34' title="bbox 614 4666 1400 4726; baseline 0.001 -1"><span class='ocrx_word' id='word_1_297' title='bbox 614 4667 771 4726; x_wconf 89' lang='lat' dir='ltr'>restitutus</span> <span class='ocrx_word' id='word_1_298' title='bbox 803 4709 1226 4726; x_wconf 90' lang='grc'><strong>.........</strong></span> <span class='ocrx_word' id='word_1_299' title='bbox 1271 4687 1297 4724; x_wconf 89' lang='lat' dir='ltr'>a.</span> <span class='ocrx_word' id='word_1_300' title='bbox 1322 4666 1400 4726; x_wconf 77' lang='lat'>698?</span> 
     </span>
     <span class='ocr_line' id='line_1_35' title="bbox 615 4768 1535 4845; baseline -0.002 -18"><span class='ocrx_word' id='word_1_301' title='bbox 615 4771 643 4827; x_wconf 93' lang='lat' dir='ltr'>b.</span> <span class='ocrx_word' id='word_1_302' title='bbox 666 4770 706 4827; x_wconf 93' lang='lat' dir='ltr'>M.</span> <span class='ocrx_word' id='word_1_303' title='bbox 732 4768 829 4844; x_wconf 86' lang='lat' dir='ltr'>Cispii</span> <span class='ocrx_word' id='word_1_304' title='bbox 849 4769 886 4826; x_wconf 90' lang='lat' dir='ltr'>L.</span> <span class='ocrx_word' id='word_1_305' title='bbox 908 4769 928 4828; x_wconf 84' lang='lat' dir='ltr'>f.</span> <span class='ocrx_word' id='word_1_306' title='bbox 952 4777 1072 4845; x_wconf 88' lang='lat' dir='ltr'>praet..</span> <span class='ocrx_word' id='word_1_307' title='bbox 1118 4811 1125 4827; x_wconf 86' lang='lat'>.</span> <span class='ocrx_word' id='word_1_308' title='bbox 1170 4811 1176 4825; x_wconf 89' lang='lat'><strong>.</strong></span> <span class='ocrx_word' id='word_1_309' title='bbox 1222 4812 1228 4826; x_wconf 90' lang='lat'><strong>.</strong></span> <span class='ocrx_word' id='word_1_310' title='bbox 1272 4769 1330 4826; x_wconf 88' lang='lat' dir='ltr'>inc.</span> <span class='ocrx_word' id='word_1_311' title='bbox 1354 4787 1430 4827; x_wconf 90' lang='lat' dir='ltr'>saec.</span> <span class='ocrx_word' id='word_1_312' title='bbox 1454 4769 1535 4827; x_wconf 78' lang='lat' dir='ltr'>Vll?</span> 
     </span>
     <span class='ocr_line' id='line_1_36' title="bbox 614 4871 1226 4949; baseline -0.005 -19"><span class='ocrx_word' id='word_1_313' title='bbox 614 4873 643 4930; x_wconf 92' lang='lat' dir='ltr'>b.</span> <span class='ocrx_word' id='word_1_314' title='bbox 676 4872 888 4948; x_wconf 85' lang='lat' dir='ltr'>magistrorum</span> <span class='ocrx_word' id='word_1_315' title='bbox 922 4872 1040 4949; x_wconf 83' lang='lat' dir='ltr'>collegii</span> <span class='ocrx_word' id='word_1_316' title='bbox 1073 4871 1226 4930; x_wconf 88' lang='lat' dir='ltr'>tibicinum</span> 
     </span>
     <span class='ocr_line' id='line_1_37' title="bbox 696 4973 1526 5049; baseline -0.001 -17"><span class='ocrx_word' id='word_1_317' title='bbox 696 4974 761 5032; x_wconf 90' lang='lat' dir='ltr'>lovi</span> <span class='ocrx_word' id='word_1_318' title='bbox 782 4975 914 5049; x_wconf 90' lang='lat' dir='ltr'>Epuloni</span> <span class='ocrx_word' id='word_1_319' title='bbox 937 4992 1022 5033; x_wconf 88' lang='lat' dir='ltr'>sacra</span> <span class='ocrx_word' id='word_1_320' title='bbox 1063 5017 1070 5031; x_wconf 91' lang='lat'><strong>.</strong></span> <span class='ocrx_word' id='word_1_321' title='bbox 1115 5019 1122 5033; x_wconf 90' lang='lat'><strong>.</strong></span> <span class='ocrx_word' id='word_1_322' title='bbox 1167 5017 1174 5030; x_wconf 92' lang='lat'><strong>.</strong></span> <span class='ocrx_word' id='word_1_323' title='bbox 1219 5016 1225 5030; x_wconf 92' lang='lat'><strong>.</strong></span> <span class='ocrx_word' id='word_1_324' title='bbox 1269 4974 1327 5032; x_wconf 88' lang='lat' dir='ltr'>inc.</span> <span class='ocrx_word' id='word_1_325' title='bbox 1350 4991 1428 5032; x_wconf 89' lang='lat' dir='ltr'>saec.</span> <span class='ocrx_word' id='word_1_326' title='bbox 1451 4973 1526 5032; x_wconf 81' lang='lat' dir='ltr'>Vll?</span> 
     </span>
     <span class='ocr_line' id='line_1_38' title="bbox 613 5074 1382 5152; baseline -0.001 -18"><span class='ocrx_word' id='word_1_327' title='bbox 613 5076 697 5136; x_wconf 90' lang='lat' dir='ltr'>basis</span> <span class='ocrx_word' id='word_1_328' title='bbox 711 5076 754 5152; x_wconf 84' lang='lat' dir='ltr'>(l)</span> <span class='ocrx_word' id='word_1_329' title='bbox 775 5074 813 5133; x_wconf 87' lang='lat' dir='ltr'>L.</span> <span class='ocrx_word' id='word_1_330' title='bbox 837 5076 943 5134; x_wconf 89' lang='lat' dir='ltr'>Planci</span> <span class='ocrx_word' id='word_1_331' title='bbox 965 5075 1001 5134; x_wconf 90' lang='lat' dir='ltr'>L.</span> <span class='ocrx_word' id='word_1_332' title='bbox 1018 5077 1069 5134; x_wconf 86' lang='lat' dir='ltr'>f..</span> <span class='ocrx_word' id='word_1_333' title='bbox 1115 5120 1121 5134; x_wconf 94' lang='lat'><strong>.</strong></span> <span class='ocrx_word' id='word_1_334' title='bbox 1167 5121 1173 5134; x_wconf 93' lang='lat'>.</span> <span class='ocrx_word' id='word_1_335' title='bbox 1219 5120 1225 5134; x_wconf 90' lang='lat'>.</span> <span class='ocrx_word' id='word_1_336' title='bbox 1323 5076 1382 5133; x_wconf 77' lang='lat'>712</span> 
     </span>
     <span class='ocr_line' id='line_1_39' title="bbox 613 5177 1382 5254; baseline 0 -18"><span class='ocrx_word' id='word_1_337' title='bbox 613 5180 642 5236; x_wconf 92' lang='lat' dir='ltr'>b.</span> <span class='ocrx_word' id='word_1_338' title='bbox 666 5180 805 5254; x_wconf 85' lang='lat' dir='ltr'>Augusto</span> <span class='ocrx_word' id='word_1_339' title='bbox 828 5178 963 5236; x_wconf 88' lang='lat' dir='ltr'>dedicata</span> <span class='ocrx_word' id='word_1_340' title='bbox 1010 5219 1225 5236; x_wconf 92' lang='grc'><strong>.....</strong></span> <span class='ocrx_word' id='word_1_341' title='bbox 1323 5177 1382 5236; x_wconf 75' lang='lat'>725</span> 
     </span>
     <span class='ocr_line' id='line_1_40' title="bbox 613 5279 1382 5357; baseline 0.001 -20"><span class='ocrx_word' id='word_1_342' title='bbox 613 5281 643 5337; x_wconf 92' lang='lat' dir='ltr'>b.</span> <span class='ocrx_word' id='word_1_343' title='bbox 667 5279 804 5338; x_wconf 90' lang='lat' dir='ltr'>Volcano</span> <span class='ocrx_word' id='word_1_344' title='bbox 827 5280 864 5338; x_wconf 90' lang='lat' dir='ltr'>ab</span> <span class='ocrx_word' id='word_1_345' title='bbox 887 5281 1026 5357; x_wconf 83' lang='lat' dir='ltr'>Augusto</span> <span class='ocrx_word' id='word_1_346' title='bbox 1049 5281 1076 5338; x_wconf 92' lang='lat' dir='ltr'>d.</span> <span class='ocrx_word' id='word_1_347' title='bbox 1115 5323 1121 5337; x_wconf 91' lang='lat'>.</span> <span class='ocrx_word' id='word_1_348' title='bbox 1167 5323 1173 5336; x_wconf 92' lang='lat'><strong>.</strong></span> <span class='ocrx_word' id='word_1_349' title='bbox 1219 5324 1226 5337; x_wconf 87' lang='lat'><em>.</em></span> <span class='ocrx_word' id='word_1_350' title='bbox 1323 5279 1382 5338; x_wconf 84' lang='lat'>745</span> 
     </span>
    </p>
   </div>
   <div class='ocr_carea' id='block_1_10' title="bbox 0 0 1814 6050">
    <p class='ocr_par' dir='ltr' id='par_1_10' title="bbox 0 0 1814 6050">
     <span class='ocr_line' id='line_1_41' title="bbox 0 0 1814 6050; baseline 0 3"><span class='ocrx_word' id='word_1_351' title='bbox 0 0 1814 6050; x_wconf 95' lang='lat' dir='ltr'> </span> 
     </span>
    </p>
   </div>
  </div>
 </body>
</html>
