3632 6040
330 563 377 633 14
838 581 1146 632 6666666666

326 755 364 814 ad
387 755 483 814 fastos
506 754 644 814 Gabinos
666 755 810 813 adnotavi
833 756 852 813 l.
876 775 901 814 c.
925 776 954 831 p.
970 755 1040 813 414.
1059 789 1096 798 —
1113 754 1161 812 De
1181 755 1298 831 Lepido
1323 756 1360 814 61.
1384 755 1570 831 Borghesius
1593 775 1662 831 opp.

327 857 345 914 5
368 876 397 934 p.
414 855 604 928 tar-2933
632 857 839 933 Waddiogton
854 861 950 934 saetae
972 877 1000 934 p.
1021 855 1078 916 112
1095 876 1139 933 aq.
1184 855 1226 915 Ut
1253 860 1298 914 vir
1324 860 1445 916 6666616
1468 876 1503 916 66
1521 860 1664 932 fortunae

330 957 488 1018 Caesarum
515 961 665 1036 66661666
688 958 827 1035 (Vell.2‚
846 959 920 1036 114)
954 979 1007 1036 per
1041 979 1150 1018 annum
1183 960 1332 1035 integrum
1359 958 1457 1018 fasces
1484 959 1580 1018 tenuit
1608 958 1663 1034 (cf.

326 1061 452 1136 Ephem.
476 1063 569 1139 epigr.
595 1064 609 1119 1
633 1081 662 1139 p.
682 1061 766 1137 187),
788 1071 820 1120 61
842 1061 1003 1120 ostendunt
1025 1061 1113 1120 etiam
1135 1068 1270 1121 tesserae
1294 1061 1325 1120 C.
1348 1060 1428 1120 LL.
1453 1063 1479 1134 1,
1495 1061 1566 1120 754.
1590 1062 1663 1121 755.

326 1163 438 1238 [Filius
465 1164 524 1222 fuit
549 1164 638 1223 Pauli
664 1164 788 1222 Aemilii
815 1164 851 1222 L.
874 1164 894 1222 f.
917 1164 954 1222 L.
976 1185 1005 1222 n.
1029 1164 1136 1240 Lepidi
1164 1181 1225 1222 cos.
1249 1183 1276 1221 a.
1301 1163 1385 1239 726].
1408 1161 1596 1240 -Collega
1625 1162 1664 1222 L.

327 1266 491 1325 Arruntius
517 1285 583 1325 cum
607 1265 756 1343 Capitone
777 1266 893 1324 flumini
917 1267 1082 1325 coercendo
1104 1267 1295 1344 praepositus
1321 1285 1348 1323 a.
1368 1267 1406 1326 15
1429 1265 1518 1342 (Tac.
1540 1285 1608 1324 ann.
1636 1268 1664 1337 1,

328 1367 377 1426 76.
401 1367 466 1444 79),
489 1375 596 1445 666166
615 1369 733 1446 legatus
756 1369 866 1427 absens
890 1367 1070 1444 Hispaniam
1093 1369 1261 1428 citeriorem
1285 1369 1364 1427 rexit
1387 1368 1420 1444 (l.
1444 1387 1468 1426 c.
1494 1369 1523 1439 6,
1546 1366 1584 1425 27
1592 1389 1600 1440 ;
1624 1367 1663 1425 cf.

327 1470 391 1529 Met.
415 1469 444 1542 2,
468 1470 532 1546 65).
576 1472 666 1530 Anno
694 1471 733 1529 37
762 1481 921 1530 accusatus
951 1489 984 1530 se
1011 1472 1108 1548 ipsum
1137 1471 1245 1530 occidit
1267 1470 1355 1546 (Tac.
1379 1490 1445 1529 ann.
1470 1471 1499 1542 6,
1522 1471 1572 1528 47.
1596 1469 1663 1545 48).

328 1569 888 1646 0661166Τ66.666.1,13;6,7;
914 1575 961 1644 11,
979 1573 1006 1631 6.
1024 1574 1051 1632 7.
1095 1575 1258 1646 incertum,
1281 1581 1380 1632 utrum
1403 1573 1440 1630 ad
1463 1591 1529 1631 eum
1558 1592 1595 1630 an
1626 1573 1666 1630 ad

328 1674 485 1734 consulem
509 1674 612 1733 6732
636 1675 783 1751 pertineat
804 1675 961 1752 inscriptio
985 1677 1009 1734 I.
1025 1676 1065 1735 N.
1081 1676 1172 1734 4545.
1217 1675 1320 1751 [Pater
1340 1679 1405 1734 eius
1426 1675 1483 1734 tuit
1496 1674 1532 1734 L.
1548 1677 1666 1734 Arrun-

327 1777 388 1834 tius
410 1775 447 1835 L.
463 1777 485 1835 f.
501 1776 537 1835 L.
553 1795 582 1834 n.
599 1777 703 1836 consul
726 1796 753 1836 a.
771 1777 854 1854 732).
868 1812 905 1822 -
922 1776 970 1836 De
992 1777 1120 1836 suffecto
1141 1777 1179 1835 L.
1195 1777 1292 1836 Nonio
1308 1777 1346 1834 L.
1355 1779 1384 1851 s.
1399 1776 1437 1836 L.
1453 1795 1482 1836 n.
1500 1778 1665 1854 Asprenate

326 1879 392 1936 dixi
418 1877 451 1937 Ο.
467 1879 494 1938 I.
510 1878 548 1936 L.
567 1881 579 1937 l
605 1898 635 1956 p.
652 1879 723 1936 474.
768 1877 902 1959 Legatos
926 1879 1000 1938 Vari
1022 1881 1053 1938 in
1077 1878 1241 1939 Germania
1263 1881 1338 1938 duas
1359 1880 1494 1956 legiones
1517 1900 1555 1938 ex
1578 1879 1665 1937 clade

328 1981 392 2039 eius
416 1982 549 2039 servavit
570 1981 664 2055 (Veli.
689 1980 717 2052 2,
743 1979 818 2054 1203
841 1982 902 2040 Dio
926 1982 975 2054 56,
999 1981 1063 2058 22).
1107 1984 1196 2040 Anno
1220 1981 1279 2040 767
1303 1999 1357 2056 pro
1383 1981 1509 2040 consule
1531 1981 1663 2040 Africam

327 2083 408 2141 rexit
430 2083 518 2157 (Tac.
542 2103 609 2142 ann.
639 2085 666 2156 1,
690 2083 753 2158 53).
781 2081 1056 2144 ¹Commemoratur
1078 2105 1096 2142 a
1118 2085 1225 2143 Tacito
1248 2103 1314 2142 ann.
1338 2083 1367 2156 3,
1398 2084 1446 2142 18.
1490 2083 1589 2158 [Avus
1617 2091 1665 2141 est

328 2186 436 2262 opinor
458 2187 615 2263 Asprenas
642 2185 669 2242 is
697 2186 747 2261 qni
771 2185 912 2243 militavit
939 2207 965 2244 a.
991 2187 1049 2245 708
1073 2205 1128 2262 pro
1155 2187 1279 2245 consule
1307 2187 1337 2244 in
1364 2181 1498 2245 enercitu
1522 2183 1662 2244 Caesaris

328 2287 413 2363 (bell.
437 2288 531 2346 Afric.
557 2287 606 2346 80.
629 2287 719 2363 Hisp.
745 2289 797 2363 16)
825 2289 921 2364 magis
949 2297 1037 2348 notus
1059 2307 1098 2347 ex
1120 2289 1251 2348 carmina
1271 2286 1445 2350 Catulliana
1468 2287 1506 2346 52
1530 2289 1561 2346 in
1584 2295 1660 2346 stru-

330 2409 409 2448 mam
436 2389 579 2448 Nonium.
623 2389 725 2448 Patris
748 2391 884 2450 meminit
904 2391 1021 2449 Plinius
1044 2392 1073 2448 h.
1096 2413 1125 2450 n.
1149 2391 1198 2463 37,
1222 2391 1250 2462 6,
1274 2390 1329 2448 81:
1353 2399 1476 2466 propter
1496 2389 1662 2465 (pennum)

327 2493 365 2550 ab
387 2491 513 2550 Antonio
538 2496 721 2568 proscriptus
749 2503 791 2551 661
811 2493 926 2551 Nonius
954 2503 1070 2552 senator
1086 2495 1168 2570 filiae
1190 2503 1314 2552 strumae
1336 2492 1418 2551 Noni
1440 2495 1500 2550 6166
1522 2511 1603 2568 qaam
1626 2491 1661 2562 Q.

333 2591 466 2652 Catullus
484 2605 572 2669 poete
594 2597 625 2652 in
639 2595 712 2652 66116
732 2595 930 2653 6616116666
950 2597 1066 2670 indipne
1088 2596 1153 2653 16111
1168 2613 1293 2672 eousque
1309 2594 1415 2654 6666111
1430 2594 1561 2653 Noniani
1582 2611 1663 2669 quern

329 2696 472 2754 consulent
494 2697 536 2772 (p.
560 2695 595 2754 C.
620 2696 674 2772 35)
696 2698 827 2755 6166666.

413 2798 484 2857 760.
512 2798 546 2869 Q.
571 2798 714 2857 06661666
741 2798 774 2869 Q.
791 2801 819 2874 f.
842 2799 887 2856 M.
909 2819 937 2856 6.
962 2798 1093 2858 Metellus
1110 2799 1238 2859 Creticus
1256 2798 1394 2859 Silanus:
1418 2799 1455 2858 cf.
1472 2802 1549 2874 sacti
1571 2797 1662 2856 Prae-

328 2905 432 2960 nestini
455 2911 486 2959 et
507 2901 581 2960 Tac.
604 2919 671 2959 ann.
697 2900 724 2973 2,
748 2902 797 2959 43.
841 2901 912 2960 Fuit
933 2901 1049 2978 legatus
1067 2900 1174 2979 Syriae
1196 2921 1223 2960 6.
1250 2903 1286 2960 16
1311 2903 1344 2978 (l.
1368 2921 1393 2960 c.
1418 2901 1445 2972 2,
1469 2902 1512 2977 4).
1556 2901 1604 2958 De
1626 2921 1663 2958 eo
1758 2925 1765 2941 ·

329 3004 391 3081 egit
406 3004 591 3082 Borghesius
606 3023 672 3080 opp.
686 3004 704 3062 5
720 3022 749 3079 p.
768 3002 838 3076 211,
854 3004 903 3062 ubi
922 3024 1023 3063 verum
1039 3005 1113 3062 vidit
1127 3005 1331 3064 Mommsenus
1348 3004 1423 3080 (not.
1440 3003 1484 3079 2).
1518 3003 1663 3078 [Maiores

237 3107 239 3112 ’
329 3125 408 3164 6666
430 3107 551 3164 tandem
573 3107 763 3164 innotescunt
783 3126 878 3184 neque
895 3127 954 3164 uno
970 3107 1090 3166 nomine
1106 3127 1144 3166 ex
1160 3108 1239 3166 notis
1264 3107 1356 3183 priori
1379 3105 1540 3181 adscriptis
1562 3125 1664 3164 emen-

329 3209 417 3266 datur
439 3219 565 3267 stemma
587 3218 647 3267 tam
671 3203 869 3268 Caeciliorur'n
893 3229 982 3285 quam
1005 3211 1167 3268 iuniorum.
1212 3210 1362 3286 Equidem
1384 3228 1450 3266 cum
1478 3209 1525 3283 egi
1547 3207 1584 3266 de
1606 3208 1665 3266 hoo

330 3312 457 3370 consule
479 3313 509 3369 in
525 3311 656 3370 Hermae
680 3311 775 3370 vol.2
799 3333 826 3389 p.
847 3311 904 3370 126
929 3312 980 3388 (61.
1002 3313 1089 3370 huius
1112 3313 1180 3388 eph.
1207 3315 1218 3370 1
1244 3333 1274 3390 p.
1292 3313 1355 3388 65),
1378 3311 1405 3368 61
1428 3311 1521 3385 tribui
1542 3311 1663 3370 titulum

330 3411 538 3474 Caralitanum
560 3415 648 3486 hunc,
677 3433 763 3491 quem
787 3415 829 3472 ibi
851 3434 930 3474 anno
954 3415 971 3473 6
995 3434 1023 3491 p.
1047 3413 1118 3474 Chr.
1142 3415 1321 3474 anteriorem
1347 3431 1415 3472 esse
1442 3415 1663 3474 demonstravi:

674 3618 970 3671 6.6ΑΕΕ11.1115·Μ
991 3632 998 3647 ·
1022 3619 1038 3660 F
1061 3632 1067 3646 ·
1089 3619 1208 3661 Metellae
1229 3619 1318 3660 creticus

845 3723 881 3764 PR
907 3735 914 3749 ·
940 3723 999 3764 VRB
1023 3736 1029 3749 ·
1054 3719 1114 3764 PRO
1141 3732 1177 3764 coe

714 3807 1119 3952 apr-anaveunousssvm)
1148 3825 1250 3876 66666
1271 3823 1326 3874 seen

329 3995 452 4052 Atiam
475 3994 658 4070 intellegitur
681 3995 775 4069 patris
799 3996 895 4071 magis
918 4013 999 4068 esse,
1026 3996 1077 4072 qui
1104 3995 1243 4066 infestis
1266 3993 1476 4052 consularibus
1499 4011 1558 4051 non
1580 3993 1662 4050 inve-

329 4097 420 4154 nitur.
464 4098 551 4154 Avus
566 4105 666 4173 potest
680 4097 774 4156 fuisse
788 4097 829 4156 M.
845 4097 985 4156 Metellus
1001 4097 1027 4154 16
1043 4098 1094 4172 qui
1117 4117 1144 4154 6.
1162 4096 1221 4154 694
1244 4095 1428 4171 gladiatores
1445 4095 1527 4152 dedit
1541 4092 1662 4170 (Cicero

331 4197 367 4255 ad
390 4198 454 4256 Att.
478 4196 506 4268 2,
532 4199 564 4268 l;
590 4197 749 4256 Drumann
773 4196 801 4269 2,
824 4199 889 4274 57),
920 4199 999 4257 61166
1022 4199 1154 4256 fortasse
1177 4199 1273 4256 minor
1295 4209 1367 4256 natu
1390 4196 1427 4272 Q.
1451 4195 1576 4257 Caecilii
1598 4196 1662 4254 Me·

330 4298 394 4356 telli
420 4299 554 4356 consulis
583 4317 610 4357 a.
635 4298 694 4358 685
722 4300 773 4376 qui
804 4301 918 4377 primus
946 4299 1083 4358 Creticus
1110 4300 1207 4357 dictus
1235 4309 1290 4358 est.
1308 4334 1345 4342 -
1363 4298 1451 4374 Quod
1478 4299 1499 4358 l.
1522 4319 1546 4356 c.
1569 4299 1661 4357 statui

330 4409 452 4477 propter
480 4419 588 4459 nomen
608 4401 688 4458 61166
717 4419 847 4478 sponsae
868 4401 1000 4460 Neronis
1024 4399 1198 4460 Germanici
1221 4402 1258 4471 f..
1280 4403 1360 4480 quod
1387 4402 1542 4461 661Ι6616
1564 4400 1662 4459 Silani

323 4505 367 4579 s„
395 4503 473 4561 hunc
500 4501 650 4561 Creticum
674 4523 693 4560 a
723 4501 864 4562 Caeciliis
887 4503 1018 4562 Metellis
1047 4505 1205 4562 transiisse
1230 4504 1268 4562 ad
1290 4505 1395 4563 Iunios
1419 4502 1540 4565 Silanos
1563 4511 1660 4560 aetate

330 4606 564 4680 provectiorem,
593 4606 625 4664 id
649 4607 710 4664 iam
736 4605 896 4676 refutatur,
927 4615 960 4664 ut
987 4605 1023 4663 de
1046 4605 1151 4664 Iuniae
1178 4607 1296 4664 nomine
1327 4607 1440 4682 pariter
1469 4605 1661 4663 iudicandum

331 4709 372 4766 sit
396 4716 486 4784 atque
512 4708 549 4765 de
574 4706 702 4766 Octavia
724 4706 844 4766 Claudii
872 4707 935 4765 filia
956 4707 1172 4784 similibusque,
1200 4709 1314 4767 scilieet
1336 4709 1422 4784 plene
1445 4708 1577 4784 puellam
1600 4706 1662 4764 dic-

330 4816 392 4868 tam
421 4827 489 4868 6666
517 4808 679 4869 Caeciliam
702 4809 819 4868 Iuniam
842 4818 872 4868 et
893 4811 950 4868 hoc
978 4829 1087 4869 nomen
1109 4830 1164 4888 pro
1186 4811 1363 4889 cognomine
1389 4812 1416 4868 ei
1442 4810 1546 4868 inisse.
1590 4809 1661 4885 Ipse

331 4922 429 4970 autem
452 4912 557 4970 consul
579 4931 606 4970 a.
624 4912 684 4971 766
714 4931 733 4968 6
755 4910 859 4971 Silano
886 4912 987 4988 aliquo
1014 4917 1044 4970 in
1073 4912 1266 4990 adoptionem
1295 4914 1382 4970 datus
1410 4912 1449 4971 sit
1470 4929 1593 4969 necesse
1616 4917 1662 4968 est

333 5012 370 5086 Q.
394 5011 527 5073 Caecilio
549 5014 670 5073 Metello
694 5012 813 5073 Cretico
835 5013 937 5090 nepoti
959 5015 1066 5090 opinor
1094 5016 1161 5075 eius
1183 5017 1236 5091 qui
1259 5013 1420 5073 Cretenses
1443 5013 1513 5071 vicit
1535 5029 1662 5089 procon-

331 5178 536 5190 fl———n-ufi——U

408 5259 433 5326 ¹)
453 5263 498 5316 Sic
515 5265 554 5313 est
572 5259 600 5313 in
617 5259 713 5328 lapide.
