3632 6040
370 599 419 669 54
957 619 1107 668 nunnus

368 792 469 850 differt
495 811 513 848 a
539 791 658 850 schedis
681 791 794 849 Metelli
823 791 926 849 titulus
950 791 1020 862 975,
1041 791 1077 848 10
1105 809 1123 848 a
1148 787 1278 850 Grutero
1305 788 1474 864 descriptus
1498 788 1557 845 sic:
1587 783 1691 867 dumi

361 897 470 970 flaviae
490 913 518 951 a.
543 894 561 950 l.
580 891 719 974 lparpiaa
741 895 855 968 ceniupi
876 889 879 972 Ι
901 893 968 951 bene
989 893 1127 970 maruntii
1141 894 1274 967 secarunt
1291 887 1295 970 Ι
1313 899 1331 948 t.
1348 893 1458 966 flavius
1480 893 1575 946 acoris
1593 889 1597 966 Ι
1614 893 1693 947 turci-

371 997 427 1054 lius
450 1015 511 1054 eros
529 991 532 1075 Ι
551 1006 576 1054 et
589 998 684 1071 flavia
709 991 918 1074 niplelmatri
945 995 1063 1067 dulciss,
1092 1013 1160 1052 cum
1187 993 1325 1053 Metellus
1354 992 1428 1051 haec
1455 992 1603 1069 proferat:
1633 993 1692 1069 disi

370 1098 499 1156 manibus
517 1098 605 1174 illuni
621 1097 625 1174 Ι
642 1116 670 1154 a.
692 1097 711 1154 l.
725 1097 865 1172 porpiade
884 1097 888 1174 Ι
907 1101 1018 1172 coniupi
1040 1097 1232 1174 benemelrcnti
1247 1097 1381 1170 secarunt
1396 1096 1400 1172 Ι
1418 1105 1436 1153 t.
1451 1097 1562 1170 flavius
1585 1093 1691 1174 acoris-l

370 1211 414 1258 tus
437 1209 464 1258 et
484 1200 612 1258 turcilius
630 1199 633 1276 Ι
651 1218 713 1258 eras
741 1208 767 1256 ct
780 1201 876 1274 flavia
898 1217 977 1268 eros,·
1003 1199 1073 1257 item
1097 1197 1167 1272 596,
1185 1199 1213 1271 9,
1241 1199 1273 1256 in
1295 1199 1381 1256 cuius
1404 1217 1451 1256 vv.
1469 1197 1497 1254 4.
1523 1197 1541 1256 5
1564 1196 1597 1254 in
1618 1197 1694 1256 sche-

369 1303 415 1360 dis
448 1301 567 1378 quidem
600 1301 710 1378 legitur
742 1315 918 1358 uuunrnnvs
938 1331 944 1344 ·
967 1315 1112 1360 caesurus
1135 1301 1139 1378 Ι
1161 1316 1226 1358 avc
1248 1329 1254 1344 ·
1275 1317 1353 1358 ren·
1375 1314 1693 1370 ueniamus·orsrnns,

371 1403 520 1464 Gruterus
542 1411 640 1461 autem
663 1403 784 1461 omissis
806 1403 906 1460 verbis
928 1417 1243 1462 mormannum
1266 1403 1371 1461 scribit
1393 1401 1448 1459 sic:
1473 1409 1589 1459 caes-N
1600 1445 1676 1460 ......
1687 1401 1690 1480 Ι

371 1520 594 1564 urseensnron.
639 1504 778 1579 Denique
803 1505 833 1561 in
861 1505 948 1563 titulo
971 1505 1050 1580 apud
1068 1503 1230 1564 Gruterum
1253 1504 1358 1577 805,9
1381 1504 1439 1562 loci
1462 1504 1607 1562 indicatio
1627 1505 1693 1562 haec

370 1617 416 1667 est
438 1609 535 1683 Burpi
555 1611 585 1664 in
606 1605 756 1677 Hetruria,
779 1626 846 1664 cum
867 1607 898 1663 in
922 1607 1040 1666 schedis
1063 1607 1244 1666 Metellianis
1269 1607 1385 1682 legatur
1406 1601 1437 1664 ‘a
1459 1601 1609 1664 Belletre’.
1650 1607 1692 1664 In-

370 1709 582 1788 terpolationes
604 1707 660 1766 hae
682 1726 742 1766 non
764 1716 882 1767 constat
903 1717 1002 1767 utrum
1025 1729 1043 1768 a
1065 1707 1264 1768 Gutenstenio
1286 1709 1437 1786 profectae
1459 1708 1521 1768 sint
1543 1727 1642 1766 necue.

453 1811 635 1884 Examinavi
669 1830 760 1887 porro
799 1830 877 1890 quae
912 1811 1053 1889 leguntur
1087 1811 1120 1868 in
1151 1811 1267 1870 Metelli
1302 1811 1404 1870 codice
1437 1811 1586 1870 Vaticano
1619 1811 1690 1870 6039

370 1915 405 1990 (f.
423 1911 600 1988 sos-328)
624 1921 767 1988 excerpta
789 1932 827 1970 ex
849 1913 1010 1972 cardinalis
1035 1911 1198 1990 Carpensis
1220 1913 1331 1987 codice,
1354 1932 1442 1989 quem
1466 1914 1606 1992 syllogen
1626 1913 1692 1970 Fra·

370 2017 424 2075 tris
440 2015 566 2074 lucundi
582 2016 768 2074 continuisse
782 2024 862 2074 recte
883 2015 1027 2073 iudicavit
1041 2016 1246 2074 Mommsenus
1270 2016 1312 2094 (p.
1327 2016 1391 2092 70),
1414 2017 1588 2094 exemplum
1603 2024 1690 2074 autem

370 2121 464 2178 fuisse
491 2117 674 2176 recensionis
703 2117 810 2176 tertiae
839 2117 1002 2176 ostendunt
1036 2118 1116 2176 tituli
1149 2118 1297 2194 virginum
1336 2117 1508 2177 Vestalium
1535 2120 1566 2176 in
1593 2120 1613 2176 f.
1639 2116 1691 2174 324

369 2220 527 2298 propositi.
571 2220 612 2277 Et
638 2239 741 2278 eorum
769 2220 888 2295 quidem
914 2237 985 2296 pars
1012 2219 1095 2297 prior
1122 2219 1156 2295 (f.
1174 2219 1374 2296 sos-320),
1396 2221 1541 2296 inscripta
1560 2218 1606 2280 ‘aa
1627 2221 1690 2278 lilro

369 2329 602 2401 epiprammatum
623 2325 884 2398 manuscriptorum
905 2341 999 2380 recens
1022 2322 1179 2381 cardinalis
1197 2323 1289 2399 Carpi
1303 2324 1342 2380 M.
1361 2323 1399 2381 D.
1413 2320 1526 2397 XLV’,
1549 2343 1607 2381 non
1622 2341 1691 2380 com·

370 2427 510 2503 plectitur
532 2425 590 2482 nisi
616 2425 750 2482 carmina
771 2423 914 2482 admixtis
936 2425 1100 2484 notissimis
1123 2426 1303 2501 quibusdam
1325 2425 1414 2483 medii
1429 2427 1496 2484 aevi
1519 2426 1690 2484 fictionibus:

370 2531 424 2587 illa
446 2547 512 2586 cum
534 2527 643 2584 habeat
664 2525 785 2602 quidem
808 2524 966 2598 Gruterus,
996 2527 1049 2585 sed
1071 2527 1108 2584 ab
1131 2528 1305 2586 auctoribus
1329 2528 1466 2600 diversis,
1495 2547 1557 2586 nou
1579 2534 1691 2603 apparet

370 2651 441 2690 num
464 2628 680 2689 Gutenstenius
708 2647 744 2685 ea
772 2629 799 2687 ei
828 2628 1030 2704 descripserit.
1075 2626 1248 2705 Sequuntur
1269 2630 1289 2687 f.
1307 2628 1361 2687 321
1396 2634 1604 2706 epiprammata
1628 2647 1689 2686 non-

370 2733 453 2792 nulla
474 2743 596 2790 aeterum
618 2749 650 2788 aa
671 2749 766 2788 recens
787 2735 982 2806 manuscripto
1004 2733 1098 2790 codice
1120 2733 1275 2790 cardinalis
1300 2731 1465 2808 carpensis,
1494 2753 1511 2792 e
1533 2733 1636 2808 quibus
1656 2730 1687 2787 ad

372 2835 473 2894 urbem
496 2852 556 2891 non
578 2833 729 2910 pertinent
750 2833 810 2890 nisi
832 2851 867 2890 ea
889 2851 965 2908 quae
988 2833 1007 2890 f.
1026 2833 1200 2891 sit-324
1223 2835 1389 2911 perscripta
1411 2844 1491 2909 sunt,
1515 2855 1579 2893 trum
1601 2842 1688 2892 cetera

371 2943 505 3014 spectent
537 2937 576 2992 ad
607 2935 829 3009 Iustinopolim,
862 2933 1024 3008 Histriam,
1057 2937 1272 3014 Arragoniam,
1306 2937 1496 3010 Ravennam,
1529 2936 1686 3015 Mytilenas,

370 3041 547 3110 Auximum,
582 3037 729 3109 Brixiam,
763 3037 899 3095 civitates
927 3037 1011 3096 alias.
1056 3039 1106 3096 Ex
1133 3040 1180 3096 his
1209 3039 1303 3097 titulis
1326 3036 1545 3100 Gutensteuius
1567 3038 1686 3115 potiores

371 3150 450 3202 certe
474 3139 604 3200 Grutero
628 3139 814 3216 excerpserit
835 3157 958 3198 necesse
981 3139 1036 3211 es't,
1059 3159 1124 3198 cum
1147 3141 1293 3216 quosdam
1317 3161 1418 3199 eorum
1442 3151 1563 3201 auctore
1586 3139 1686 3199 Guten-

371 3245 467 3304 stenio
497 3241 647 3302 Gruterus
676 3242 789 3300 afferat.
836 3239 903 3314 Qua
934 3251 1031 3300 autem
1059 3243 1174 3301 ratione
1200 3243 1232 3301 in
1259 3244 1306 3302 his
1334 3244 1431 3302 titulis
1459 3243 1610 3302 tradendis
1632 3238 1685 3298 Gu-

371 3345 537 3405 tenstenius
560 3351 696 3402 versatus
719 3344 767 3416 sit,
790 3344 851 3402 iam
871 3345 1036 3404 videamus.

455 3449 551 3506 Adest
570 3448 601 3504 in
623 3447 774 3522 excerptis
790 3446 971 3504 Metellianis
992 3449 1150 3506 notissima
1164 3449 1321 3526 inscriptio
1337 3450 1519 3508 thermarum
1536 3444 1686 3507 Diocletia-

370 3571 476 3610 narum
498 3548 687 3625 (C.I.L.6,
707 3549 800 3624 1130)
827 3549 870 3606 ita
896 3548 959 3606 fere
981 3558 1014 3606 ut
1039 3550 1149 3628 legitur
1171 3551 1251 3626 apud
1273 3551 1471 3624 Mazochium,
1501 3552 1613 3611 scilicet
1637 3547 1686 3604 sic:

369 3654 442 3710 DD.
463 3671 510 3710 nn.
534 3651 721 3710 diocletianus
749 3661 776 3708 et
799 3651 1010 3710 ruanimiliauus
1037 3655 1135 3710 inuicti
1161 3657 1285 3712 seniores
1312 3653 1407 3730 Aupp.
1432 3666 1533 3730 patras
1561 3660 1642 3727 impp.
1666 3653 1688 3703 el

370 3773 479 3814 caesar.
507 3765 535 3812 et
559 3755 586 3811 al.
610 3754 636 3810 d.
658 3773 685 3811 n.
706 3773 734 3811 n.
756 3757 930 3812 constantius
962 3765 988 3813 ct
1012 3759 1202 3814 maximianus
1229 3759 1328 3814 inuicti
1359 3775 1446 3832 aupp.
1474 3767 1501 3814 at
1533 3771 1638 3816 seuerus
1666 3757 1688 3806 ct

370 3861 558 3916 maximianus
591 3856 761 3914 nobilissimi
792 3875 922 3914 caesares
956 3857 1077 3914 thermas
1102 3858 1204 3930 felices
1232 3857 1408 3916 Diocletiani
1440 3879 1508 3936 aup.
1534 3860 1625 3934 patris
1649 3852 1687 3910 sui

369 3963 477 4018 nomini
505 3968 709 4019 consecrarunt
736 3963 822 4034 ceptis
850 3961 987 4036 aedificiis
1011 3978 1067 4034 pro
1096 3964 1167 4018 tanti
1194 3964 1286 4035 operis
1308 3964 1503 4037 mapnitualine
1528 3961 1600 4019 omni
1619 3953 1686 4014 culta

367 4065 512 4140 perfectas
526 4062 664 4118 Romanis
687 4063 747 4118 suis
769 4061 946 4119 dedicarunt.
990 4061 1066 4119 Eam
1088 4061 1184 4138 ipsam
1202 4061 1351 4122 Gruterus
1375 4063 1462 4122 affert
1479 4064 1575 4135 179,1
1599 4074 1686 4130 sump-

371 4174 442 4235 tam,
465 4171 498 4220 ut
519 4163 570 4234 ait,
591 4159 619 4220 ‘e
642 4179 697 4220 ms.
721 4162 800 4220 card.
826 4160 989 4238 Garpeusis
1012 4181 1046 4220 ac
1068 4159 1195 4222 Metelli'
1218 4164 1307 4239 plane
1330 4163 1480 4225 diversam
1503 4169 1556 4225 ita:
1586 4162 1630 4220 dd.
1644 4175 1684 4214 aa·

375 4267 405 4326 G.
433 4264 534 4322 Aurel.
558 4263 624 4322 Val.
652 4265 852 4323 Diocletianus
880 4275 905 4322 et
931 4265 974 4322 M.
1004 4266 1104 4323 Aurel.
1132 4266 1194 4325 Val.
1224 4267 1420 4326 Maximianus
1446 4271 1545 4328 inuicti
1575 4265 1686 4324 seniores

372 4367 467 4442 Aupp.
486 4377 585 4442 patres
607 4369 695 4442 impp.
719 4376 746 4424 a
766 4385 839 4424 caes.
858 4386 891 4442 p.
904 4386 936 4442 p.
954 4409 960 4424 .
979 4411 984 4424 .
1003 4411 1008 4424 .
1027 4411 1033 4424 .
1051 4411 1057 4425 .
1076 4411 1082 4426 .
1101 4411 1106 4425 .
1126 4413 1131 4425 .
1148 4412 1154 4424 .
1172 4416 1176 4423 .
1196 4413 1202 4426 .
1221 4413 1227 4425 .
1245 4413 1251 4426 .
1269 4413 1275 4427 .
1293 4413 1299 4427 .
1318 4371 1430 4428 duna.
1448 4371 1496 4430 Fl.
1517 4369 1606 4430 Valer.
1624 4362 1685 4422 Con·

373 4467 652 4528 stantiusetGaler.
670 4467 1337 4547 Valer.Maaiminusnobilissimicacsaresff.
1356 4515 1362 4529 .
1381 4517 1386 4530 .
1404 4516 1410 4528 .
1429 4518 1435 4530 .
1453 4517 1459 4530 .
1477 4517 1484 4529 .
1502 4518 1508 4531 .

372 4575 494 4632 liter-ruas
509 4571 611 4646 felices
633 4570 812 4628 Diocletiano
834 4581 947 4646 coeptas
971 4573 1106 4648 aedificiis
1125 4591 1182 4648 pro
1206 4578 1279 4633 tanti
1300 4579 1394 4650 operis
1415 4575 1602 4652 ncapnitudlnc
1622 4561 1686 4624 omni

371 4677 449 4734 cultu
470 4677 535 4755 ‘iam
558 4675 702 4750 perfectas
729 4675 838 4730 numini
865 4676 925 4732 cius
956 4685 1166 4734 consecrarunt.
1211 4673 1300 4748 Quod
1323 4678 1494 4756 exemplum
1517 4694 1581 4736 cum
1600 4679 1684 4741 neque

372 4777 442 4834 alibi
458 4793 587 4852 usquam
602 4793 698 4851 neque
711 4775 743 4832 iu
757 4774 833 4850 ipsis
850 4775 967 4834 schedis
979 4777 1159 4835 Metellianis
1175 4796 1193 4834 a
1208 4776 1407 4838 Guteustenio
1420 4779 1559 4839 adhibitis
1573 4776 1684 4848 legatur.

371 4887 452 4936 recte
474 4878 594 4936 omnino
617 4877 821 4936 Mommsenus
844 4877 877 4953 (1.
894 4897 917 4936 c.
934 4899 964 4955 p.
982 4879 1035 4954 71)
1059 4879 1215 4938 confictum
1237 4880 1268 4937 id
1290 4899 1359 4940 esse
1381 4883 1459 4942 dixit
1480 4883 1517 4941 ad
1533 4867 1684 4938 Menochia¹

372 4999 443 5037 num
466 4979 513 5038 vel
528 4980 725 5040 Mazochiano
750 4979 856 5038 simile.
901 4978 1043 5056 Sequitur
1064 4981 1145 5058 apud
1160 4982 1312 5041 Metellum
1335 4985 1457 5044 mutilus
1479 4993 1508 5044 et
1529 4977 1611 5039 valde
1630 4986 1683 5028 cor·

372 5087 479 5158 ruptus
506 5081 610 5140 titulus
632 5081 806 5155 G.I.L.6,
825 5082 903 5141 1196
932 5083 975 5142 sic
1004 5093 1181 5160 conceptus:
1210 5088 1298 5162 impp.
1321 5087 1483 5146 clementiss.
1500 5083 1615 5162 feliciss.
1637 5077 1683 5130 tcto

374 5184 440 5241 orbe
454 5184 582 5241 victorii.
599 5185 727 5242 Arcadio
742 5185 874 5244 Honorio
891 5195 917 5245 et
931 5187 1088 5245 Theodosio
1103 5206 1207 5263 auppp.
1225 5189 1266 5244 acl
1281 5208 1405 5263 perarma
1419 5191 1552 5250 iudicium
1565 5167 1682 5246 ruumpl·

375 5286 452 5360 quod
466 5285 583 5344 Zellar.
599 5290 739 5346 nationem
753 5291 783 5346 iu
798 5305 876 5346 omna
892 5305 990 5346 aeuum
1006 5291 1103 5348 docere
1119 5293 1174 5347 cati
1187 5307 1285 5348 arcum
1300 5292 1481 5352 simulachris
1496 5302 1585 5350 aarum
1600 5279 1682 5338 trium
