3620 6050
385 593 458 678 tto
977 619 1122 683 tononrt

384 799 484 874 operis
508 805 659 858 structura
684 801 775 859 aetati
801 807 850 858 sat
875 801 987 859 recenti
1014 801 1219 873 attribuenda3
1253 819 1350 877 neque
1383 820 1454 862 vero
1485 801 1621 878 intellego
1650 821 1695 860 cur

383 900 462 958 infra
483 898 672 961 Constantini
693 910 820 962 aetatem
842 903 1025 962 detrudendo
1047 904 1096 962 sit.
1141 904 1194 962 sed
1220 904 1299 962 enim
1325 903 1410 980 prius
1432 903 1598 962 accuratius
1619 922 1697 979 quae-
1780 911 1781 948 i

384 1005 509 1062 rendum
538 1013 603 1063 erat
628 1005 664 1062 de
690 1005 757 1064 loco
784 1024 844 1081 quo
866 1006 1045 1082 Anonymus
1067 1006 1155 1064 basin
1177 1006 1291 1064 vidisse
1312 1007 1458 1064 videatur.
1500 1015 1574 1082 puto
1594 1025 1636 1064 me
1655 1007 1697 1063 de-

383 1107 599 1166 monstravisse
630 1115 700 1184 post
731 1107 877 1166 Rossium
909 1108 1093 1166 itinerarium
1129 1108 1339 1167 Einsiedlense
1370 1109 1450 1185 quod
1481 1108 1573 1166 fertur
1603 1108 1699 1166 itinera

384 1199 535 1267 continere
557 1210 588 1267 in
609 1209 707 1268 forma
727 1209 856 1285 quadarn
879 1211 991 1268 saeculi
1013 1211 1132 1286 septimi
1155 1210 1289 1269 octaviae
1310 1211 1435 1285 depicta.
1472 1211 1547 1268 haec
1567 1209 1652 1286 igitur
1670 1210 1697 1266 in

382 1310 479 1370 forma
500 1313 608 1370 itinera
630 1330 706 1389 quae
727 1312 847 1388 quidem
869 1313 957 1372 basin
978 1322 1104 1390 tangant
1129 1321 1296 1391 supersunt.

405 1514 423 1572 6
529 1515 558 1574 A
575 1528 666 1594 porto
686 1516 810 1577 Aurelio
831 1537 919 1596 usqne
942 1520 1114 1595 adportant
1136 1519 1354 1578 Praenestinam

615 1619 762 1696 (sinistra)

874 1845 930 1902 par
946 1835 1061 1902 pontem
1082 1829 1217 1886 maiorem

403 1925 421 1983 5
445 1923 479 1984 S.
495 1924 613 2002 Georgii
628 1927 671 2002 (in
682 1926 839 2003 Velabro),
856 1927 888 1988 S.
903 1927 999 2004 Sergii
1100 1929 1265 2001 Palatinae,
1288 1929 1328 1986 ad
1350 1925 1383 1986 S.
1408 1927 1588 1986 Theodoram

403 2027 421 2085 6
959 2049 1015 2107 per
1037 2049 1133 2090 arcam

402 2129 420 2186 7
444 2130 627 2208 Capitolium,
650 2132 812 2192 umbilicum
1096 2133 1129 2193 S.
1152 2133 1255 2192 Maria
1277 2137 1397 2210 antiquo

403 2230 421 2288 8
897 2253 985 2311 equas
1011 2233 1193 2296 Constantini

402 2334 420 2392 9
443 2334 477 2394 S.
499 2335 650 2396 Hadriani
1097 2337 1155 2398 SS.
1179 2338 1297 2398 Caenina
1318 2349 1344 2396 at
1364 2337 1505 2396 Damiani

382 2437 421 2494 10
907 2443 1009 2516 foram
1029 2459 1178 2500 ronzanum

382 2541 418 2598 ll
444 2538 477 2600 S.
496 2541 612 2617 Cyriaci
626 2552 654 2602 et
674 2543 795 2602 tltertnaa
813 2540 994 2603 Constantini
1092 2545 1237 2620 palatium
1262 2543 1395 2614 Traiani,
1415 2543 1457 2600 ili
1478 2543 1518 2601 od
1535 2542 1656 2602 Vincula

379 2747 453 2804 nihil
475 2749 588 2806 mutavi
609 2749 668 2808 nisi
684 2750 765 2826 quod
786 2761 833 2809 vv;
850 2751 877 2807 4.
896 2751 923 2809 6.
941 2750 969 2808 8.
988 2749 1025 2808 10
1047 2749 1163 2807 ratione
1184 2749 1242 2808 nisi
1262 2749 1355 2808 fallor
1375 2757 1422 2806 sat
1443 2747 1594 2823 probabili
1613 2745 1702 2804 medio
1780 2771 1781 2784 κ

380 2851 478 2927 spatio
501 2853 624 2911 attribui
646 2853 775 2928 quaein
797 2853 899 2910 codice
926 2853 957 2909 in
983 2853 1062 2911 hunc
1083 2852 1203 2910 modum
1225 2853 1303 2910 binis
1326 2850 1471 2909 columnis
1493 2849 1646 2927 discerpta
1665 2849 1702 2904 le-

378 2962 489 3029 guntur
511 2974 567 3030 par
589 2965 702 3029 pontem
718 2989 756 2998 -
771 2958 915 3026 maiorem,
940 2974 994 3031 per
1021 2975 1056 3012 ar
1070 2987 1109 2998 -
1126 2975 1197 3026 cnm,
1224 2973 1312 3031 aquae
1339 2973 1390 3013 con
1406 2985 1444 2995 —
1460 2956 1591 3024 etantini,
1611 2954 1702 3027 soron

379 3073 413 3111 ro
428 3089 466 3098 -
482 3075 605 3116 manum.
649 3058 749 3134 itaque
775 3058 926 3116 informa
950 3058 1008 3116 iter
1028 3057 1150 3116 facienti
1172 3078 1191 3116 a
1214 3065 1301 3133 porta
1324 3054 1354 3116 S.
1377 3056 1531 3114 Pancratii
1554 3056 1594 3113 ad
1615 3045 1702 3112 Maio·

377 3176 440 3215 rem
461 3168 531 3235 post
553 3169 674 3236 pontem
696 3159 830 3238 Ruptum
852 3160 938 3236 (tuno
959 3159 1122 3236 integrum)
1146 3179 1164 3217 a
1190 3159 1311 3218 sinistra
1333 3158 1496 3217 Velabrum
1525 3165 1557 3216 et
1585 3155 1704 3215 ecclesia

379 3257 435 3319 SS.
459 3259 557 3338 Sergii
579 3270 609 3322 et
631 3263 743 3321 Bacchi
766 3264 804 3321 ad
831 3283 931 3322 arcum
955 3261 1068 3336 Severi,
1095 3281 1114 3320 a
1135 3263 1243 3321 dextra
1264 3261 1415 3320 Palatium
1436 3279 1503 3318 oum
1527 3261 1657 3320 ecclesia
1677 3255 1702 3316 S.

377 3361 528 3422 Theodori
550 3365 616 3438 fuit,
640 3366 708 3424 dein
722 3385 776 3441 per
791 3385 890 3425 arcum
906 3365 1006 3424 nescio
1022 3385 1109 3442 quem
1125 3363 1326 3442 progredienti
1348 3382 1366 3421 a
1387 3363 1508 3422 sinistra
1524 3361 1703 3440 Capitolium

378 3481 468 3542 super
490 3467 648 3526 ecclesiam
671 3466 702 3528 8.
727 3465 824 3546 Sergii
847 3488 866 3525 a
892 3470 999 3527 dextra
1022 3466 1051 3528 S.
1075 3467 1172 3526 Maria
1198 3467 1331 3542 antiqua,
1356 3484 1435 3523 nuno
1457 3485 1552 3538 nova3
1581 3465 1624 3523 ibi
1645 3472 1702 3520 tan·

377 3567 455 3642 gitur
477 3588 572 3646 equus
594 3567 800 3642 Constantini3
831 3571 965 3647 sequitur
988 3569 1019 3630 8.
1036 3569 1185 3628 Hadriani
1208 3589 1227 3627 a
1248 3569 1372 3627 sinistra
1393 3587 1411 3625 a
1432 3567 1540 3626 dextra
1563 3564 1620 3628 SS.
1636 3563 1703 3624 Cos·
1780 3567 1781 3598 ³

375 3688 441 3727 mae
467 3679 496 3729 et
518 3671 660 3731 Damiani
687 3673 840 3749 templum,
868 3673 937 3730 dein
962 3672 1061 3730 forum
1088 3690 1253 3730 romanum.
1297 3671 1371 3728 haec
1396 3669 1530 3747 intellegi
1558 3675 1701 3747 nequeunt

374 3772 435 3830 nisi
456 3773 571 3834 formae
593 3775 719 3854 figuram
742 3775 890 3834 eiusmodi
911 3773 1112 3852 redintegres:

949 3995 1136 4041 CAPlTollVM

631 4163 676 4216 l]
1007 4167 1052 4212 [J
1226 4213 1230 4218 ,
1405 4163 1449 4208 [l

563 4235 594 4297 8.
620 4235 744 4313 Georgii
951 4236 983 4298 S.
1007 4237 1106 4315 Sergii
1312 4231 1343 4292 8.
1366 4233 1516 4292 Hadriani

374 4395 450 4444 ->
472 4367 550 4450 pons
569 4377 664 4434 maior
800 4395 888 4436 arcus
1094 4393 1188 4451 equus
1200 4371 1393 4433 Constantini
1405 4373 1521 4430 Fonvn
1533 4372 1699 4430 Ronnnvn

457 4533 625 4576 rniarmvs
637 4513 667 4576 S.
681 4518 833 4577 Theodori
917 4515 948 4577 8.
960 4517 1001 4576 Μ.
1015 4517 1156 4594 antiquae
1220 4511 1276 4576 88.
1289 4512 1419 4574 Cosmae
1430 4521 1460 4570 et
1470 4511 1619 4572 Damiani

719 4615 746 4669 Ο
1016 4613 1062 4668 Ε
1394 4610 1422 4666 O

372 4791 404 4848 in
426 4792 523 4850 forma
543 4793 636 4873 igitur
657 4811 753 4870 equus
776 4790 966 4852 Constantini
988 4811 1055 4852 cum
1076 4793 1135 4851 fori
1156 4791 1273 4850 romani
1294 4791 1414 4848 nomine
1429 4789 1544 4848 videtur
1568 4787 1699 4847 extitisse

372 4893 449 4952 inter
472 4893 503 4955 8.
519 4895 707 4954 Hadrianum
730 4904 759 4953 et
777 4893 833 4956 88.
850 4893 992 4955 Cosmum
1015 4903 1044 4953 et
1067 4894 1248 4954 Damianum
1271 4894 1346 4951 satis
1370 4892 1470 4968 amplo
1492 4911 1509 4949 a
1532 4888 1592 4952 SS.
1609 4885 1699 4964 Sergii

373 5003 403 5052 et
430 4997 539 5056 Bacchi
568 4998 638 5073 (hoo
666 5006 712 5056 est
738 4997 775 5056 ab
804 5017 876 5056 arcu
898 4995 1014 5074 Severi)
1042 4997 1140 5074 spatio
1166 4996 1327 5074 dirempta:
1354 4995 1432 5054 unde
1460 5012 1571 5069 equum
1599 4990 1697 5050 autin

372 5099 470 5157 media
492 5119 562 5158 area
582 5100 640 5158 fori
662 5110 712 5158 ant
733 5101 812 5158 inter
834 5099 865 5160 S.
881 5100 1069 5159 Hadrianum
1092 5109 1121 5158 et
1144 5097 1199 5160 SS.
1217 5077 1358 5158 Casinam
1380 5107 1410 5156 et
1430 5096 1626 5166 Damianum,
1648 5094 1699 5150 boc

371 5208 506 5259 estante
528 5202 683 5261 basilicam
698 5201 856 5261 Aemiliam
878 5203 999 5262 stetisse
1021 5202 1160 5262 conicias.
1206 5201 1332 5261 alterum
1353 5201 1409 5260 iter
1430 5199 1461 5258 in
1482 5200 1563 5257 huno
1581 5196 1697 5258 modum

372 5317 391 5359 a
411 5301 533 5360 librario
556 5320 679 5381 pessum
701 5304 804 5363 datum
826 5317 880 5364 est.
