3620 6050
715 781 730 818 <
782 785 842 839 one
895 781 910 819 >

589 1009 648 1066 ,fg
668 981 686 1012 Λ
719 971 868 1036 stiffi
890 988 973 1031 assur
995 987 1060 1030 nivi
1082 989 1098 1030 a

590 1112 649 1168 0’24
670 1114 690 1165 pp
798 1090 840 1132 AV
868 1089 946 1134 VSTO
969 1089 1029 1134 COS

589 1214 649 1271 ,m
670 1180 697 1234 ,ἲ
792 1193 861 1236 rurs
885 1191 946 1235 sor
991 1192 1077 1236 nour
1100 1193 1165 1234 nax

590 1316 649 1370 ost,
667 1335 686 1368 v
776 1294 862 1338 reses
892 1296 1017 1338 vanans
1036 1295 1118 1338 xxxv
1141 1295 1281 1338 rnrsvvm

780 1707 832 1750 tmt’
848 1706 1014 1750 cassant
1051 1705 1283 1751 DOltll'l'lANO

798 1811 861 1853 AVG
888 1807 1071 1852 Gsnmawco
1104 1809 1187 1852 ΡΟΝΤ
1214 1811 1281 1852 ΜΑΧ

798 1912 865 1954 rats
890 1909 949 1952 ΡΟΤ
970 1910 999 1952 lll
1023 1911 1074 1952 llll?
1089 1912 1119 1954 Vl
1136 1911 1195 1955 COS
1211 1911 1232 1952 Χ
1248 1912 1281 1954 ΡΡ

891 2013 1017 2056 VRBANA
1037 2013 1120 2056 XXXV
1142 2013 1281 2056 Txtsvvm

367 2307 478 2385 quodsi
500 2306 605 2364 titulus
629 2306 803 2366 Domitiano
832 2325 865 2364 re
887 2324 958 2364 vcra
987 2306 1140 2365 dedicatus
1163 2307 1262 2378 fuerit,
1285 2307 1365 2383 quod
1386 2327 1463 2366 nunc
1485 2326 1606 2384 quoque
1628 2308 1702 2366 mihi

275 2423 277 2428 '
367 2411 485 2470 videtur
508 2410 581 2470 satis
608 2417 722 2468 certum
744 2426 822 2479 esse,
855 2415 955 2466 tamen
987 2427 1065 2466 nune
1097 2409 1292 2468 confidentius
1324 2427 1414 2484 quam
1442 2410 1513 2468 olim
1539 2410 1598 2468 leci
1624 2427 1701 2486 nego
1800 2423 1801 2430 ’

367 2532 435 2572 eum
458 2529 525 2570 esse
546 2512 695 2588 equestris
717 2519 848 2580 statuae,
876 2511 1005 2586 primum
1031 2529 1083 2568 eas
1110 2511 1148 2568 ob
1170 2529 1275 2570 causas
1301 2530 1378 2588 quas
1400 2513 1529 2588 exposui
1549 2513 1569 2569 l.
1595 2531 1619 2569 c.
1644 2512 1703 2587 (ni-

369 2616 476 2674 mirum
500 2614 640 2672 carminis
664 2612 793 2674 Statiani
820 2614 912 2673 verba
939 2631 1028 2690 aegre
1054 2613 1250 2672 conciliantur
1277 2633 1344 2673 cum
1373 2613 1561 2673 dedicatione
1581 2614 1663 2674 facta
1684 2635 1703 2672 a

368 2717 456 2796 plebe
479 2718 594 2776 urbana
608 2717 647 2775 ob
669 2715 771 2774 datum
789 2714 998 2791 congiarium),
1021 2714 1128 2772 deinde
1151 2717 1189 2774 ob
1211 2733 1262 2774 eas
1286 2734 1391 2774 causas
1413 2734 1487 2791 quas
1510 2734 1602 2792 supra
1623 2716 1703 2774 edis·
1801 2745 1802 2748 ¹

369 2819 489 2879 sertavi.
534 2819 665 2878 tabulam
692 2817 815 2895 longam
841 2817 935 2876 fuisse
965 2816 1084 2875 circiter
1105 2835 1143 2874 m.
1161 2818 1211 2890 3‚0
1233 2825 1374 2896 apparet3
1396 2818 1492 2876 latera
1513 2818 1625 2877 baseos
1648 2819 1703 2876 mi-

368 2940 443 2980 nora
464 2920 526 2979 lata
546 2920 641 2980 fuisse
667 2939 706 2978 m.
724 2920 773 2991 6,0
795 2919 978 2978 videbimus:
1006 2919 1084 2978 unde
1110 2918 1236 2978 efficitur
1264 2929 1298 2978 ut
1319 2919 1417 2998 possit
1444 2919 1497 2978 illa
1517 2920 1586 2980 huic
1608 2921 1704 2980 affixa

370 3024 475 3096 fuisse,
498 3041 558 3081 non
581 3030 614 3080 ut
635 3041 695 3080 non
716 3022 814 3098 possit
835 3041 896 3080 non
917 3021 1020 3080 fuisse.
1065 3028 1194 3082 ceterum
1221 3021 1429 3099 fragmentum,
1456 3021 1539 3082 cuins
1566 3023 1704 3098 reliquae

367 3132 468 3203 partes
489 3141 549 3184 non
571 3143 776 3202 comparuere,
798 3133 949 3200 repertum
972 3131 1016 3183 est
1038 3125 1077 3181 ad
1098 3123 1264 3184 aedificium
1285 3125 1384 3183 medio
1406 3141 1480 3183 aevo
1501 3125 1604 3184 multis
1627 3125 1704 3184 anti·
1802 3139 1803 3144 ¹

369 3247 495 3304 quorum
529 3227 733 3286 aedificiorum
766 3226 874 3302 spoliis
903 3232 1121 3286 constructum:
1154 3227 1255 3304 itaque
1284 3226 1352 3302 quis
1385 3226 1533 3303 spondeat
1563 3227 1704 3304 proximo

370 3330 444 3388 olim
467 3335 656 3388 monumento
680 3329 844 3388 detractum
866 3327 950 3388 esse?

455 3430 591 3489 Titulum
612 3431 703 3510 igitur
731 3437 848 3489 statuae
873 3430 1022 3506 equestris
1044 3429 1211 3488 Domitiani
1238 3437 1341 3490 extare
1369 3430 1478 3489 iniuria
1503 3431 1704 3490 contenditur.

305 3595 309 3604 ,
373 3534 410 3592 de
435 3535 504 3611 ipsa
529 3533 597 3593 basi
624 3534 655 3592 in
677 3532 836 3592 Relatione
864 3552 891 3591 a.
917 3532 995 3591 1873
1018 3552 1047 3608 p.
1065 3531 1101 3588 71
1117 3549 1139 3590 s.
1163 3531 1237 3590 haec
1258 3532 1411 3608 leguntur:
1442 3551 1524 3592 verso
1545 3533 1569 3590 il
1591 3538 1706 3594 termine

372 3636 438 3694 dell’
468 3654 543 3694 anno
572 3635 651 3694 1872
679 3634 831 3694 e‘ineontrd
859 3655 898 3693 nn
922 3653 998 3710 gron
1017 3635 1115 3693 nucleo
1138 3635 1169 3691 cli
1190 3638 1362 3694 soatrneione
1384 3655 1398 3694 e
1419 3637 1449 3694 di
1463 3639 1563 3712 forma
1586 3638 1706 3712 quadri·

374 3738 464 3814 lunga
490 3757 525 3796 en
551 3741 598 3796 cni
624 3738 671 3796 nel
696 3739 857 3796 mediceae
884 3741 980 3796 monci
1005 3738 1214 3813 conjuramento
1238 3748 1424 3813 soorappoate
1449 3747 1562 3813 qnonro
1589 3741 1706 3798 colonae

374 3841 405 3897 cli
425 3839 516 3915 piatio
539 3843 642 3898 antico.
685 3840 733 3898 nel
753 3840 901 3898 rimaverlc
922 3839 974 3897 dol
995 3847 1080 3916 poeto
1102 3857 1158 3914 per
1184 3839 1402 3898 determinaret
1423 3840 1507 3897 limiti
1529 3845 1640 3916 precisi
1662 3843 1709 3900 del

372 3943 473 4000 nucleo
504 3944 530 4000 ei
556 3942 621 4000 vide
648 3943 696 4001 oie
724 3951 820 4018 questo
847 3959 898 3999 era
919 3944 1119 4001 internumerato
1145 3944 1284 4000 contituito
1312 3943 1351 3999 do
1366 3943 1441 4016 forti
1463 3941 1571 4002 blocoln'
1593 3945 1625 4002 di
1647 3955 1707 4003 tro·

373 4047 483 4101 oernno
511 4044 696 4104 solidamenta
722 4047 866 4120 conpinnti
884 4046 940 4119 fra
966 4045 1027 4102 loro
1050 4062 1106 4119 pen
1126 4061 1214 4102 mezzo
1238 4045 1269 4102 di
1282 4045 1379 4119 ferree
1399 4062 1521 4121 groppe.
1565 4055 1633 4104 tutto
1657 4041 1707 4104 oll’

374 4149 488 4203 intorno
518 4148 624 4204 doneoo
652 4165 742 4205 essere
769 4149 944 4205 cirenaeritto
971 4146 1011 4204 do
1036 4164 1076 4204 nn
1100 4164 1176 4222 pron
1195 4147 1282 4220 podio
1302 4165 1459 4204 marmoreo
1482 4147 1541 4206 alto
1564 4151 1642 4207 circo
1666 4148 1709 4206 60

376 4250 496 4320 centim,
518 4251 529 4305 i
551 4252 598 4306 cni
618 4251 696 4306 varii
717 4248 827 4308 bloccli
848 4251 875 4306 ai
895 4247 1055 4306 roccoleno
1078 4251 1296 4323 acompapinoti,
1321 4266 1369 4306 ma
1389 4251 1481 4307 vicino
1504 4251 1536 4307 ol
1558 4251 1633 4309 detto
1656 4270 1708 4309 na-

377 4349 445 4408 cleo.
491 4349 518 4407 lo
541 4359 615 4410 stato
637 4349 746 4409 atinate
774 4351 805 4408 di
833 4368 894 4408 caso
916 4352 1026 4408 micare
1052 4353 1084 4407 oi
1105 4351 1159 4408 dne
1182 4351 1235 4408 lati
1255 4354 1396 4426 maggiori
1417 4370 1476 4410 nnn
1498 4352 1656 4428 langieaaa
1679 4355 1710 4410 cli

376 4455 457 4510 metri
479 4453 507 4510 7.
519 4450 558 4511 20
580 4470 594 4509 e
616 4454 647 4510 di
671 4454 700 4511 4.
714 4452 754 4512 20
781 4456 811 4510 ai
831 4455 950 4509 minori:
978 4451 1108 4510 l’altezzo
1135 4455 1278 4528 meppiam
1300 4455 1313 4510 i
1334 4453 1570 4513 demetenti.
1615 4465 1709 4514 tennto

375 4562 457 4612 conto
475 4573 548 4630 pero
572 4556 617 4612 dei
639 4555 748 4612 bloocln
768 4557 799 4611 in
813 4572 921 4611 mormo
943 4555 991 4612 cie
1013 4557 1198 4612 coatitnicano
1222 4554 1249 4612 lo
1270 4555 1380 4614 zoccolo
1403 4556 1449 4614 del
1470 4556 1643 4630 tenemento,
1665 4559 1709 4616 al-

375 4659 442 4716 cuni
463 4658 509 4714 dei
532 4656 615 4732 quali
634 4660 779 4715 minorano
796 4673 856 4714 nno
872 4655 1021 4731 impleam
1036 4658 1129 4716 medio
1148 4657 1178 4714 di
1192 4675 1228 4714 m.
1244 4658 1272 4728 O,
1285 4658 1323 4716 86
1338 4658 1373 4716 ed
1386 4656 1433 4716 nn'
1449 4658 1555 4716 oltezzo
1570 4660 1602 4716 di
1620 4660 1650 4720 6.
1666 4660 1708 4719 66

377 4777 526 4834 compreaa
549 4759 715 4830 laceratae,
738 4761 764 4816 si
782 4775 906 4833 possano
927 4761 1060 4818 nicanore
1083 4760 1109 4816 lc
1124 4759 1291 4817 dimensioni
1311 4762 1551 4836 oppressimative
1574 4761 1643 4820 dell’
1664 4766 1707 4820 in·

379 4865 449 4918 tiero
469 4861 642 4937 pledeatollo
664 4864 695 4918 in
715 4863 796 4919 metri
816 4860 857 4918 10
879 4878 968 4934 sopra
991 4860 1018 4920 6.
1056 4860 1092 4919 cf.
1116 4878 1209 4938 supra
1229 4880 1254 4919 c.
1278 4861 1302 4918 I.
1347 4861 1394 4920 his
1416 4862 1495 4938 quod
1518 4863 1627 4922 addam
1650 4883 1711 4922 uon

377 4962 485 5034 habeo,
511 4964 570 5022 nisi
597 4962 678 5039 quod
703 4962 735 5022 in
760 4982 792 5021 re
819 4963 970 5040 praesenti
996 4962 1191 5040 longitudinis
1218 4963 1362 5038 pristinae
1387 4983 1528 5024 mensura
1547 4966 1622 5024 mihi
1645 4967 1712 5024 visa

379 5071 425 5121 est
445 5064 539 5123 fuisse
561 5084 599 5122 m.
617 5065 645 5137 8,
658 5065 697 5124 75
720 5072 750 5123 et
771 5064 852 5142 quod
878 5075 941 5122 tcta
963 5065 1045 5124 basis
1075 5066 1159 5124 item
1191 5067 1241 5123 uti
1263 5067 1387 5144 plutca
1408 5068 1631 5144 anaglyphis
1653 5087 1710 5126 or-

375 5173 462 5222 nata
488 5166 681 5226 tiburtinis
708 5167 916 5244 lapidibus,
945 5167 1081 5241 quibus
1109 5187 1191 5226 arca
1217 5167 1288 5226 fori
1314 5176 1430 5226 strata
1451 5177 1518 5241 est,
1542 5170 1707 5228 artificio

375 5267 452 5326 uisi
477 5267 594 5326 fallor
619 5268 783 5344 pessimo
810 5269 986 5345 imposita
1013 5277 1081 5328 est:
1110 5278 1142 5327 ut
1167 5271 1273 5345 quovis
1299 5270 1421 5346 pignore
1442 5272 1621 5331 contendam
1643 5290 1708 5330 cam
