3614 6054
519 581 823 636 oassnvsmouns
849 583 1164 645 neransrmonn„
1419 565 1491 638 323
1578 597 1587 612 ι.

239 759 420 818 Examinavi
442 761 509 836 ipse
531 757 725 835 archetypum
741 757 895 834 habuique
910 757 1014 817 charta
1032 758 1184 834 pellucida
1205 777 1392 838 expressam.
1430 761 1493 820 De-

154 861 280 938 scripsit
301 862 372 921 item
396 863 620 922 accuratissime
642 880 661 918 a
682 879 729 918 me
751 869 873 936 rogatus
896 859 1082 920 Dresselius.
1125 861 1182 920 Ed.
1201 860 1234 921 0.
1250 861 1287 921 L.
1304 861 1440 924 Visconti
1461 864 1492 922 in

154 984 225 1023 ann.
248 965 319 1025 inst.
341 965 422 1024 arch.
447 965 486 1023 29
511 963 622 1040 (1857)
645 984 673 1041 p.
691 961 760 1020 325.
804 962 876 1021 Inde
898 963 1069 1023 Wilmanns
1091 962 1247 1023 1117241.

238 1067 379 1126 Duorum
407 1067 571 1140 titulorum,
599 1084 674 1143 quos
702 1084 793 1142 supra
819 1065 974 1142 proposui,
1001 1067 1084 1144 prior
1111 1085 1188 1125 saec.
1210 1067 1285 1126 XVI
1311 1077 1340 1127 et
1361 1068 1491 1128 innotuit

152 1179 184 1228 et
199 1169 303 1246 periit3
326 1169 402 1228 alter
424 1179 493 1228 ante
516 1171 571 1229 hos
593 1168 697 1244 viginti
718 1185 813 1226 annos
833 1169 960 1245 primum
976 1168 1092 1243 publice
1107 1169 1206 1228 editus
1222 1169 1320 1229 adhuc
1343 1183 1490 1247 superest.

152 1271 326 1348 Utrumque
348 1282 381 1330 ut
401 1273 450 1331 hic
466 1273 564 1331 denuo
580 1269 708 1342 ederem,
730 1270 824 1328 movit
844 1290 900 1342 me,
924 1270 1004 1347 quod
1026 1271 1063 1330 de
1085 1271 1195 1348 prioris
1217 1281 1314 1331 aetate
1336 1292 1397 1349 quo
1419 1281 1491 1334 tem·

150 1393 227 1450 pore
254 1393 322 1433 eum
349 1375 495 1433 tricennio
525 1375 631 1432 abhinc
658 1375 794 1432 recensui
826 1373 958 1450 graviter
990 1374 1088 1431 erravi
1117 1393 1244 1451 eumque
1275 1395 1406 1434 errorem
1434 1378 1490 1436 etsi

151 1477 314 1555 explosum
342 1476 438 1535 altero
465 1477 553 1536 titulo
575 1485 682 1554 postea
707 1477 739 1534 in
761 1476 858 1534 lucem
881 1475 999 1552 prolato
1022 1476 1117 1534 nihilo
1139 1477 1238 1535 minus
1261 1477 1348 1536 hodie
1371 1496 1490 1555 quoque

150 1579 322 1654 cornplures
361 1579 417 1637 viri
460 1579 539 1638 docti
577 1579 715 1638 retinent.
772 1576 894 1636 Scilicet
931 1595 998 1636 cum
1035 1577 1165 1654 priorem
1204 1579 1321 1638 titulum
1359 1583 1490 1642 maxime

150 1692 277 1760 propter
299 1682 410 1740 bellum
431 1683 549 1756 navale,
573 1683 658 1740 cuius
681 1681 722 1740 ihi
744 1681 855 1740 mentio
876 1681 910 1738 fit
932 1700 959 1738 v.
977 1679 1027 1751 42,
1050 1682 1087 1738 ad
1110 1689 1237 1740 aetatem
1249 1683 1381 1759 Augusti
1404 1704 1489 1742 revo-

152 1802 284 1856 cassem,
307 1785 529 1861 supervenisset
550 1783 657 1843 deinde
680 1784 755 1842 alter
777 1783 911 1842 eiusdem
934 1783 1053 1841 omnino
1069 1783 1198 1842 hominis
1221 1785 1380 1843 nominans
1402 1806 1430 1843 v.
1451 1787 1487 1846 18

148 1887 254 1945 divum
281 1886 386 1958 Pium,
419 1887 469 1962 qui
502 1889 582 1946 huno
615 1888 729 1962 primus
756 1886 849 1946 edidit
872 1885 1047 1948 Viscoutius
1078 1887 1313 1945 adsentientibus
1342 1886 1487 1948 Henzeno

150 1989 325 2065 Rossioque
352 1997 467 2064 partem
495 1989 558 2048 eius
585 1989 779 2064 posteriorem
806 1988 876 2046 inde
898 2007 917 2046 a
938 2008 966 2046 v.
992 1987 1028 2046 12
1058 1987 1190 2066 spuriam
1212 1987 1368 2062 iudicavit3
1397 2009 1487 2068 qnam

149 2092 331 2151 sententiam
354 2089 544 2150 Cavedonius
568 2091 662 2168 (Ball.
680 2091 759 2167 Ncp.
784 2089 822 2150 N.
847 2087 878 2150 S.
902 2091 930 2162 6,
952 2090 1024 2166 193)
1046 2091 1242 2167 impugnavit,
1265 2091 1486 2154 Wilmannsius

149 2195 186 2270 (l.
210 2213 236 2252 c.
260 2196 366 2272 supra)
389 2203 509 2253 secutus
531 2203 586 2253 est.
630 2195 695 2271 Ego
722 2193 793 2269 quid
821 2192 857 2250 de
880 2211 916 2252 ea
936 2211 968 2251 11
990 2211 1129 2252 censeam
1153 2212 1219 2252 cum
1241 2194 1372 2253 breviter
1395 2196 1487 2274 signi-

147 2297 264 2356 ficarim
287 2297 326 2354 ad
348 2297 408 2355 vol.
425 2295 468 2356 VI
490 2297 626 2370 111565,
649 2296 710 2355 iam
731 2295 900 2372 explicabo.

232 2399 370 2458 Priorem
397 2399 516 2458 titulum
544 2418 609 2458 cum
636 2399 817 2474 descriptum
845 2399 1011 2457 habeamus
1039 2398 1187 2474 integrum
1217 2399 1388 2476 aquinque
1412 2403 1485 2462 viris

146 2503 245 2562 doctis
269 2519 347 2560 saec.
370 2501 446 2559 XVI
470 2499 577 2574 Statio,
600 2501 702 2577 Pighii
724 2509 853 2574 auctore,
882 2499 1055 2572 Cittadinio‚
1083 2519 1235 2578 anonymo
1257 2501 1405 2579 Hispano,
1432 2505 1486 2563 Li-

145 2605 242 2684 gorio,
265 2611 421 2680 praeterea
442 2611 558 2680 partem
580 2601 779 2674 aFabrettio,
802 2603 987 2662 delectione
1010 2604 1083 2662 satis
1106 2611 1233 2677 constat,
1256 2605 1293 2663 de
1315 2605 1485 2667 litteratura

145 2727 220 2766 vero
242 2706 332 2765 hodie
352 2707 477 2764 iudicari
500 2726 560 2764 non
582 2713 691 2782 potest.
735 2705 869 2764 Alterius
889 2706 939 2782 qui
963 2714 1048 2764 extat
1069 2707 1147 2781 parti
1171 2707 1317 2782 superiori
1339 2709 1485 2788 inscripta

147 2809 273 2886 antiqua
295 2827 360 2868 esse
382 2817 469 2867 extra
491 2808 612 2868 dubium
635 2817 695 2878 est3
717 2815 748 2866 at
770 2826 788 2866 a
809 2827 837 2866 v.
860 2807 929 2866 inde
955 2806 991 2865 12
1014 2809 1058 2865 111
1084 2808 1223 2881 declinat,
1246 2817 1277 2868 ut
1305 2812 1353 2869 sui
1375 2811 1484 2872 similis

145 2931 208 2970 non
235 2912 284 2971 sit.
328 2911 453 2990 Apices,
483 2911 534 2988 qui
562 2929 621 2968 non
650 2910 748 2968 solent
773 2909 880 2968 adesse
902 2911 961 2970 nisi
983 2911 1014 2968 iu
1036 2910 1132 2970 titulis
1155 2930 1223 2971 oum
1245 2930 1318 2971 cure
1338 2916 1482 2988 exaratis,

146 3013 234 3072 multi
262 3021 333 3072 sunt
358 3017 389 3071 in
416 3021 501 3091 parte
529 3014 696 3090 superiore,
724 3032 791 3071 cum
818 3013 850 3071 in
872 3013 1011 3077 inferiore
1033 3031 1111 3072 unus
1134 3014 1215 3074 solus
1238 3034 1266 3072 v.
1293 3015 1328 3072 13
1352 3017 1484 3093 reperia-

143 3125 201 3176 tur.
246 3115 379 3180 Litterae
407 3135 425 3174 a
452 3135 478 3175 v.
502 3115 571 3174 inde
596 3114 633 3173 12
660 3115 834 3192 inaequales
862 3125 892 3173 et
924 3117 1019 3193 magis
1052 3117 1207 3194 magisque
1240 3118 1329 3175 rudes
1359 3117 1398 3176 ad
1424 3118 1483 3177 for-

144 3238 224 3278 mam
258 3237 348 3295 quam
383 3220 532 3277 cursiram
564 3217 665 3277 dicunt
695 3218 861 3288 declinant,
894 3228 927 3278 ut
952 3234 1015 3277 nus
1043 3219 1086 3278 sio
1117 3220 1180 3278 fere
1212 3219 1377 3280 formentur
1407 3239 1480 3282 aas.

143 3321 286 3397 Denique
308 3321 383 3380 haec
405 3339 475 3398 pars
499 3329 550 3380 aut
571 3327 635 3378 tota
656 3327 707 3379 aut
728 3321 791 3380 fere
813 3331 879 3379 tota
901 3321 1012 3397 scripta
1034 3329 1081 3380 est
1102 3323 1133 3380 in
1155 3323 1255 3394 litura,
1284 3323 1403 3382 sublata
1425 3325 1481 3383 eci·

144 3424 216 3482 licet
237 3423 332 3482 multo
354 3433 383 3481 et
405 3422 519 3482 diutino
541 3423 644 3482 labore
666 3423 818 3500 primitiva
846 3425 995 3500 scriptura
1015 3443 1082 3482 cum
1104 3426 1170 3502 ipsa
1190 3425 1301 3502 lapidis
1325 3426 1482 3503 superficie

145 3534 174 3584 et
200 3525 231 3584 in
258 3527 358 3602 spatio
386 3526 530 3602 depresso
558 3534 588 3583 et
614 3527 721 3584 scabro
749 3526 888 3602 repositis
916 3527 953 3584 iis
982 3545 1058 3602 quae
1085 3527 1228 3604 legimus,
1260 3547 1318 3605 quo
1347 3537 1481 3604 tempore

143 3636 300 3704 praeterea
332 3627 462 3686 fortasse
490 3647 517 3687 v.
542 3627 559 3686 6
589 3627 638 3686 fin.
667 3627 770 3685 addita
798 3635 867 3686 sunt
896 3628 1045 3686 elementa
1071 3645 1120 3686 nn.
1171 3627 1344 3706 Scripturas
1370 3631 1479 3706 prioris

145 3731 274 3808 vestigia
304 3729 568 3806 deprehenduntur
595 3731 624 3787 in
663 3730 770 3806 spatiis
797 3731 899 3788 vacuis
928 3749 975 3788 vv.
996 3730 1042 3789 17.
1065 3728 1112 3787 22.
1142 3729 1208 3806 (ubi
1229 3741 1299 3808 post
1319 3749 1478 3791 nssrrrvrr

143 3833 242 3892 adhuc
264 3832 462 3909 adgnoscitur
478 3833 516 3909 s).
555 3833 630 3891 Item
652 3852 680 3891 v.
699 3831 735 3890 12
759 3852 798 3891 ex
820 3841 905 3909 parte
927 3833 1068 3908 antiquus
1091 3850 1160 3892 esse
1177 3833 1304 3905 videtur,
1327 3833 1480 3894 similiter·

144 3954 202 4011 que
218 3955 246 3994 v.
266 3937 302 3994 13
326 3942 467 4013 quattuor
481 3936 597 4014 primae
619 3935 736 3994 litterae
753 3954 810 3993 una
825 3953 891 3994 cum
914 3935 999 4010 apice
1015 3935 1066 4011 qui
1088 3935 1223 4011 sequitur
1245 3935 1375 4012 aprima
1390 3957 1479 3997 manu

143 4037 283 4096 videntur
298 4046 438 4097 exaratae
461 4055 539 4098 esse.
579 4038 617 4096 V.
636 4039 672 4097 lb
696 4039 725 4097 in
749 4053 871 4096 esnone
895 4038 950 4096 sub
971 4037 1071 4096 littera
1093 4053 1112 4096 c
1134 4037 1183 4095 vel
1205 4053 1226 4095 o
1249 4056 1354 4096 manus
1378 4048 1478 4115 poste·

142 4141 232 4198 rioris
255 4149 382 4218 apparet
403 4141 529 4216 antiqua
550 4157 566 4197 s
589 4141 637 4198 vol
660 4157 685 4198 s.
730 4140 767 4199 V.
785 4139 822 4198 23
846 4157 872 4198 m
894 4140 925 4198 in
949 4157 1024 4198 ruem
1044 4139 1114 4198 olim
1143 4139 1201 4199 iuit
1222 4157 1272 4211 nn,
1299 4141 1478 4218 fueruntque

141 4243 261 4302 litterae
276 4261 330 4302 eae
346 4243 422 4300 duae
438 4243 467 4300 in
484 4243 633 4318 primitivo
649 4244 736 4302 titulo
758 4243 873 4320 primae
890 4243 966 4302 duae
987 4259 1091 4302 versus
1115 4243 1171 4314 sui,
1194 4261 1254 4319 quo
1277 4261 1366 4302 versu
1388 4253 1478 4321 caput

141 4363 252 4404 novum
268 4364 328 4402 non
344 4345 514 4422 incipiebat.
551 4343 700 4422 Reliquae
716 4364 835 4422 quoque
851 4346 966 4406 litterae
983 4345 1113 4405 cuiusvis
1130 4346 1237 4421 capitis
1252 4345 1376 4424 primae,
1399 4347 1477 4406 scili·

145 4455 192 4505 cet
214 4448 303 4506 binae
326 4453 465 4506 ternasve
488 4447 602 4523 primae
625 4467 673 4508 vv.
700 4448 747 4507 18.
768 4447 817 4506 21.
842 4447 889 4507 25.
915 4447 962 4507 28.
988 4448 1037 4522 30,
1059 4457 1147 4506 extra
1169 4448 1288 4507 lituram
1311 4458 1389 4522 sunt,
1413 4450 1478 4510 sive

140 4559 350 4609 remanserunt
371 4569 410 4608 ex
433 4551 582 4626 scriptura
603 4551 765 4627 primitiva,
790 4552 863 4622 sive,
885 4550 916 4608 id
938 4552 1019 4627 quod
1041 4549 1227 4627 probabilius
1251 4559 1307 4624 est,
1330 4551 1478 4628 scriptura

139 4651 293 4730 primitiva
308 4671 374 4711 com
390 4669 494 4711 versus
514 4653 638 4712 haberet
653 4654 840 4730 longitudine
856 4653 998 4728 aequales
1015 4670 1129 4725 omnes,
1151 4653 1225 4712 haec
1240 4653 1349 4731 lapidis
1372 4673 1475 4731 margo

140 4765 202 4814 tum
217 4753 363 4812 remansit
378 4773 436 4812 non
454 4756 576 4832 scripta.
621 4754 760 4831 Denique
775 4775 803 4815 v.
821 4755 859 4817 26
876 4757 1014 4832 primas,
1037 4756 1166 4814 fortasse
1189 4755 1277 4814 etiam
1294 4773 1423 4832 sequens
1446 4775 1475 4830 x,

141 4866 280 4935 superest
306 4877 345 4914 ex
374 4857 525 4935 scriptura
546 4857 706 4933 primitiva.
723 4891 761 4900 -
778 4857 901 4934 Duplex
923 4859 997 4917 haec
1023 4858 1173 4935 scriptura
1194 4860 1224 4917 in
1247 4858 1350 4917 eadem
1373 4859 1477 4918 tabula

142 4969 173 5017 ut
195 4978 268 5018 sane
290 4959 434 5017 notabilis
457 4967 512 5032 est,
534 4960 575 5018 ita
596 4979 662 5018 meo
686 4961 795 5019 indicio
819 4969 928 5032 errant,
959 4961 1009 5036 qui
1031 4968 1191 5038 propterea
1214 4961 1249 5018 de
1271 4961 1375 5020 fraude
1397 4963 1476 5038 cogi·

139 5071 211 5120 tant.
258 5059 348 5134 Quod
375 5062 453 5120 tituli
482 5081 553 5138 pars
579 5063 682 5139 aliqua
710 5082 728 5120 a
755 5082 845 5121 manu
872 5063 992 5122 diversa
1017 5063 1162 5141 rescripta
1183 5071 1243 5136 est,
1271 5063 1473 5140 suspicionem

138 5183 199 5224 non
214 5171 329 5236 movet;
351 5164 443 5223 immo
459 5165 601 5242 autiquae
622 5166 729 5225 liturae
750 5165 847 5224 factae
869 5167 919 5226 vel
940 5167 978 5224 ob
1001 5184 1119 5225 errores
1141 5185 1160 5223 a
1181 5166 1372 5243 quadratario
1394 5185 1474 5224 com-

136 5265 249 5326 missos
262 5267 310 5326 vel
326 5267 364 5325 ob
387 5285 506 5327 causam
524 5268 613 5327 aliam
630 5269 889 5344 supervenientem
912 5268 1027 5344 passim
1049 5269 1080 5328 in
1101 5269 1252 5348 lapidibus
1273 5269 1474 5342 inveniuntur,
