3614 6054
419 517 581 570 SYLLOGE
608 516 902 568 INSCRIPTIONVM
928 515 1014 566 FORI
1040 513 1199 566 ROMANI.
1401 489 1473 562 307

140 691 205 750 172
228 692 293 750 eod.
336 693 458 769 Fragm.
475 709 674 752 marmoreum
690 690 799 748 litteris
820 690 961 765 pessimis
977 709 1039 766 rep.
1055 687 1178 746 ibidem.
1223 687 1319 764 Rapp.
1335 687 1481 761 descripsi

182 794 218 852 in
241 813 313 852 area
333 794 403 852 fori.

749 944 876 987 ttnvtc

761 1047 769 1086 7
797 1047 817 1088 Ν
855 1046 874 1086 Τ

180 1223 279 1301 Rapp.
303 1243 331 1282 v.
356 1239 380 1280 s.
404 1228 481 1280 extr.
506 1220 574 1280 add.
598 1219 623 1292 1,
648 1237 690 1279 vs.
715 1217 732 1276 2
754 1218 858 1295 legunt
890 1234 1006 1290 mvn,
1029 1236 1195 1295 perperam.

180 1433 367 1510 Fragmenta
389 1451 465 1509 quae
488 1439 652 1507 sequuntur
674 1429 790 1488 minore
812 1437 918 1487 extant
944 1427 1010 1503 (aut
1031 1435 1110 1487 certe
1133 1426 1290 1502 extabant)
1319 1427 1366 1485 his
1390 1427 1477 1486 annis

131 1535 209 1594 dum
232 1536 329 1593 forum
353 1535 527 1594 eraderetur
547 1533 578 1590 in
600 1551 671 1592 area
692 1532 794 1607 ibique
816 1538 936 1606 reperta
958 1549 1025 1590 esse
1048 1531 1186 1590 videntur
1207 1530 1277 1589 lieet
1299 1538 1380 1587 certa
1402 1529 1477 1586 nihil

131 1638 343 1713 compererim.
387 1627 544 1713 descripsi.

134 1776 196 1834 173
212 1800 250 1825 =
265 1773 355 1834 3820.
399 1774 449 1832 Ad
470 1774 556 1833 basin
579 1751 714 1831 octavam
737 1772 773 1830 sr.
794 1789 993 1830 marmoreum
1014 1788 1155 1848 magnum
1177 1771 1208 1829 in
1230 1771 1315 1829 cuius
1338 1769 1474 1845 margine

179 1876 365 1936 scarifatum.

541 2049 629 2090 raom
655 2048 732 2088 nuntia
755 2028 758 2108 i
778 2033 811 2090 tt!
824 2028 862 2089 Μ
878 2046 932 2102 Qe
948 2049 956 2088 r
970 2048 991 2088 v
1008 2046 1022 2088 s
1160 2028 1163 2108 i

131 2315 205 2373 174.
251 2315 289 2374 ad
312 2316 446 2391 quintam
469 2314 637 2393 fragmenta
657 2315 860 2390 marmorea(
847 2315 982 2390 (tertium
1004 2333 1153 2373 marmore
1177 2314 1287 2373 coloris
1310 2315 1449 2390 subrufi).

408 2565 515 2676 OE
780 2473 1213 2652 mtt'

1149 2647 1195 2679 N

129 2823 201 2881 175.
248 2823 287 2881 ad
309 2837 446 2900 quartam
468 2825 670 2902 fragmentum
693 2843 892 2881 marmoreum
915 2824 1022 2882 litteris
1045 2823 1135 2905 medii
1157 2796 1237 2882 aevi:

695 3023 907 3117 pons*

680 3071 931 3216 ame

691 3217 901 3245 .—---

126 3413 197 3471 176.
244 3413 281 3470 ad
305 3419 424 3472 tertiam
447 3415 477 3471 in
498 3433 644 3474 marmore
667 3415 727 3473 aito
754 3416 822 3487 1,05
846 3415 955 3474 litteris
978 3416 1119 3490 pessimis
1142 3434 1247 3490 parum
1270 3415 1328 3473 alte
1350 3415 1464 3474 incisis.

788 3850 798 3877 r
846 3821 867 3878 F

791 4015 850 4097 ΠΗ

122 4443 192 4499 177.
238 4442 316 4500 inter
343 4444 504 4501 secundam
533 4453 562 4502 et
588 4445 705 4503 tertiam
732 4447 932 4522 fragmentum
960 4463 1157 4503 marmoreum
1184 4445 1292 4503 litteris
1314 4445 1456 4522 pessimis

160 4544 256 4602 altum
279 4545 361 4616 0‚16.
406 4546 501 4604 descr.
524 4546 613 4604 etiam
637 4547 790 4625 Droysen.

647 4687 941 4874 Νι]

649 4816 840 4882 ΕΟΝΒΙ
856 4817 921 4882 11¹

118 5033 187 5092 178.
233 5032 271 5091 ad
292 5035 453 5094 secundam
476 5036 511 5095 fr.
534 5054 639 5095 marm.
662 5037 693 5095 in
716 5056 776 5114 quo
800 5037 983 5097 scarifatum.

744 5224 824 5282 AG
