3632 6040
510 586 818 639 ossauvnrrouns
845 585 1134 636 ameasrurosa.
1243 557 1246 562 ’
1437 568 1482 638 81

150 761 377 836 magistratibus
405 762 456 836 qui
483 770 554 818 sunt
580 759 860 834 sacerdotibusque3
892 777 946 818 nec
978 760 1099 818 dubium
1131 769 1177 818 est
1211 760 1258 817 his
1286 759 1424 817 omnibus
1451 780 1487 818 ea

149 874 250 922 aetate
279 864 328 920 ius
355 861 450 920 fuisse
478 863 644 920 sententiae
670 863 701 918 in
723 860 826 918 ordine
848 861 998 918 ferendae.
1043 861 1091 918 Ita
1113 860 1223 919 iactum
1246 871 1292 919 est
1316 875 1347 918 ut
1369 861 1485 920 univer-

149 983 219 1023 sum
247 974 356 1023 statum
385 965 596 1040 municipalem
623 965 687 1022 eius
714 964 857 1038 temporis
883 983 921 1020 ex
950 964 1007 1021 hoc
1034 963 1104 1020 albo
1133 963 1221 1020 etiam
1250 963 1369 1038 plenius
1395 982 1486 1038 quam

148 1087 191 1124 ex
214 1065 372 1125 Canusino
395 1084 620 1142 cognoscamus.
666 1065 830 1123 Videamus
852 1065 944 1141 igitur
969 1065 1006 1122 de
1035 1065 1162 1140 singulis
1184 1066 1359 1140 generatim,
1388 1066 1487 1124 idest

150 1170 189 1227 de
211 1170 358 1245 patronis,
381 1169 417 1226 de
441 1167 675 1243 magistratibus,
698 1168 735 1224 de
758 1167 976 1235 sacerdotibus,
999 1166 1035 1223 de
1058 1166 1221 1224 curialibus
1243 1167 1376 1242 reliquia.

237 1271 262 1327 Ι.
307 1271 343 1327 In
365 1270 501 1346 patronis
524 1269 714 1328 recensendis
737 1269 779 1343 (1,
797 1269 913 1344 3-14)
937 1269 1036 1326 album
1057 1267 1309 1343 Thamugadense
1332 1269 1383 1326 vix
1405 1288 1485 1328 rece·

148 1373 195 1430 dit
218 1393 236 1429 a
257 1370 428 1441 Canusin03
458 1372 573 1429 scilicet
599 1371 789 1428 nominantur
817 1371 945 1446 primum
975 1369 1061 1445 v(iri)
1084 1369 1267 1445 e(larissirni)
1290 1391 1412 1430 numero
1435 1373 1485 1429 de-

148 1495 225 1546 cem,
254 1473 361 1532 deinde
384 1473 482 1546 spatio
504 1473 660 1530 interiecto
686 1472 769 1546 uir(i)
794 1471 1023 1546 p(erfcctissirui)
1052 1490 1176 1529 numero
1199 1471 1257 1529 duo
1280 1471 1409 1548 (accedit
1429 1484 1486 1530 ter·

148 1578 213 1635 tius
235 1577 307 1633 item
330 1573 527 1632 sacerdotalis
553 1574 658 1648 1‚16).
705 1573 839 1647 Quorum
867 1573 946 1649 quod
975 1573 1048 1632 solis
1071 1574 1203 1649 quinque
1225 1575 1328 1650 primis
1352 1575 1486 1653 adscrip-

150 1688 216 1737 tum
244 1686 290 1735 est
314 1675 491 1752 p(a)tr(oni)
518 1676 706 1745 vocabulum,
729 1676 768 1733 ad
790 1675 1009 1750 neglegentiam
1037 1676 1191 1750 scriptoris
1220 1677 1407 1735 referendum
1429 1686 1484 1735 est.

150 1778 299 1839 Similiter
325 1779 355 1835 in
383 1775 539 1835 Canusino
566 1786 777 1835 enumerantur
804 1779 930 1852 primum
950 1781 1070 1853 patroni
1096 1797 1134 1836 co.
1159 1798 1212 1852 aa,
1241 1778 1347 1837 deinde
1366 1783 1487 1853 patroni

149 1901 187 1940 ee.
212 1901 258 1956 qq.
283 1881 348 1936 RR.

235 1983 276 2039 ΙΙ.
322 1981 517 2058 Magistratus
541 1982 731 2039 inveniuntur
752 1983 772 2038 ii
789 1982 897 2058 quibus
921 2000 958 2040 ex
981 1983 1105 2058 antiquo
1127 1982 1264 2040 instituto
1286 1984 1334 2042 ius
1350 1993 1397 2042 est
1419 2002 1485 2042 seu·

124 2085 262 2144 -tentiae
285 2085 428 2142 dicendae
451 2085 482 2141 in
505 2094 610 2143 senatu
633 2083 750 2140 duoviri
773 2083 885 2142 aediles
908 2093 1095 2158 quaestores,
1119 2093 1275 2160 praeterea
1297 2095 1427 2143 curator.

239 2188 264 2244 1.
310 2195 425 2243 curator
447 2205 525 2244 unus
549 2185 592 2260 (l,
612 2186 663 2260 18)
684 2194 801 2243 creatus
823 2186 943 2242 omnino
966 2187 1003 2242 ab
1025 2187 1205 2262 imperatore
1226 2187 1327 2260 itaque
1348 2189 1485 2246 nomina·

149 2297 199 2345 tus
222 2290 320 2363 primo
342 2287 419 2345 inter
437 2287 633 2364 magistratus
653 2287 720 2344 loco
743 2285 905 2362 (Ulpianus
921 2287 990 2362 Dig.
1008 2288 1057 2357 50,
1074 2289 1103 2357 3,
1120 2286 1152 2344 2:
1177 2291 1206 2344 in
1221 2288 1287 2346 albo
1302 2289 1484 2348 decurionum

149 2395 179 2448 in
202 2393 356 2464 municipio
377 2393 491 2446 nomina
514 2400 578 2448 ante
600 2389 685 2446 scribi
707 2399 939 2464 sparistarum,
968 2393 1017 2464 qai
1039 2391 1191 2464 dignitates
1210 2393 1351 2465 principis
1377 2393 1484 2449 iudicio

150 2495 295 2550 consecuti
309 2502 383 2560 sant,
400 2501 503 2566 postea
519 2509 621 2560 eorum,
642 2495 692 2566 qui
707 2501 814 2548 tantum
828 2491 1048 2565 municipalibus
1064 2491 1218 2549 honoribus
1226 2493 1323 2564 suncti
1337 2495 1426 2568 sunt).
1444 2527 1482 2535 —

150 2594 305 2652 Defensor
327 2593 457 2650 civitatis
481 2595 562 2668 quod
589 2611 649 2650 non
675 2593 853 2662 nominatur,
880 2593 929 2650 vel
955 2593 1025 2650 inde
1051 2593 1197 2668 explicari
1224 2602 1332 2670 potest,
1360 2595 1441 2669 quod
1462 2596 1483 2652 ii

148 2697 278 2754 instituti
306 2713 374 2752 esse
402 2695 540 2752 videntur
566 2714 593 2752 a.
624 2694 743 2752 demum
773 2694 833 2751 364
858 2692 908 2768 (G.
929 2695 985 2752 Th.
1010 2697 1037 2765 1,
1059 2694 1108 2766 29,
1134 2695 1175 2770 1),
1209 2705 1277 2753 ante
1302 2714 1390 2771 quem
1419 2697 1484 2755 fieri

148 2805 252 2873 potest
274 2807 307 2854 ut
329 2797 427 2854 album
450 2798 636 2873 propositum
661 2798 709 2855 sit.
1367 2851 1375 2864 ,

234 2899 261 2956 2.
307 2900 423 2955 duoviri
444 2900 504 2956 duo
527 2899 570 2972 (1,
587 2898 726 2969 20-22;
750 2917 817 2956 nam
834 2899 976 2974 Papirius
992 2899 1102 2958 Vitalis
1119 2900 1191 2956 mihi
1213 2909 1259 2958 est
1280 2901 1386 2958 duovir
1408 2901 1484 2958 alter

144 3005 278 3077 itemque
300 3001 410 3058 flamen
433 3001 620 3077 perpetuus).

233 3105 262 3160 3.
306 3104 413 3160 aediles
436 3103 496 3160 duo
519 3101 564 3178 (2,
581 3101 728 3178 25-27).

231 3206 261 3262 4.
305 3214 472 3280 quaestores
495 3205 538 3280 (2,
555 3203 604 3263 28.
622 3203 684 3280 29),
708 3223 833 3280 quorum
856 3224 910 3262 cur
932 3205 1007 3263 alter
1029 3205 1157 3275 deficiat,
1180 3207 1291 3263 nescio.

230 3307 288 3364 ΙΙΙ.
335 3304 511 3364 Sacerdotes
539 3306 758 3364 observandum
790 3316 838 3364 est
866 3326 903 3364 ne
930 3315 998 3380 post
1024 3307 1152 3364 medium
1181 3308 1301 3382 quidem
1329 3309 1479 3367 saeculum

145 3417 285 3485 quartum
313 3409 470 3483 antiquum
500 3415 609 3466 statum
638 3418 780 3466 mutasse.
825 3406 915 3480 Quod
945 3408 1136 3467 inveniuntur
1164 3411 1194 3466 in
1221 3411 1336 3481 ordine,
1369 3429 1480 3469 novum

145 3520 201 3584 est,
230 3511 290 3570 nisi
317 3511 398 3586 quod
427 3510 540 3568 flamini
562 3509 645 3568 Diali
672 3511 741 3585 ipsa
768 3510 881 3568 liberae
911 3511 953 3566 rei
981 3531 1010 3586 p.
1034 3519 1132 3568 aetate
1156 3512 1269 3569 Romae
1296 3513 1344 3570 ius
1371 3513 1427 3570 fuir
1448 3515 1480 3572 in

146 3621 286 3670 senatum
308 3612 477 3670 introeundi
493 3611 574 3686 (Liv.
591 3610 640 3680 27,
658 3612 699 3686 8).
743 3613 818 3669 Inde
839 3611 965 3688 profecti
985 3613 1041 3669 hoc
1064 3613 1195 3684 saeculo,
1218 3623 1298 3672 certe
1320 3616 1350 3671 in
1368 3615 1479 3686 Africa,

147 3716 321 3773 sacerdotes
343 3715 472 3772 maiores
493 3731 595 3772 omnes
618 3717 650 3771 in
671 3714 774 3771 ordine
795 3715 893 3772 locum
916 3714 1035 3784 habent,
1058 3713 1171 3772 scilicet
1192 3715 1404 3790 provinciales,
1427 3717 1479 3774 fla-

147 3818 243 3875 mines
263 3817 411 3894 perpetui,
433 3817 601 3892 pontifices
626 3834 763 3890 augures,
787 3825 820 3872 ut
839 3815 924 3887 adeo,
947 3835 1014 3873 cum
1032 3817 1207 3890 praesertim
1223 3819 1392 3874 sacerdotia
1405 3819 1480 3876 haec

145 3920 247 3977 omnia
269 3928 415 3996 perpetua
437 3919 505 3990 siut,
532 3918 605 3975 ordo
630 3919 741 3975 maiore
764 3937 802 3973 ex
824 3927 908 3993 parte
931 3937 969 3974 ex
993 3918 1198 3975 sacerdotibus
1221 3919 1407 3994 compositus
1430 3922 1477 3978 sit.

146 4021 218 4078 lude
247 4021 469 4096 quodammodo
496 4020 686 4094 explicantur
713 4020 900 4076 sacerdotum
922 4021 1063 4076 Afrorum
1091 4021 1121 4076 in
1149 4040 1181 4077 re
1208 4021 1328 4096 publica
1349 4023 1479 4098 gerenda

144 4135 245 4198 partes
272 4132 303 4180 et
330 4122 406 4180 alias
434 4129 560 4180 testatae
589 4132 618 4178 et
645 4123 776 4180 maxime
803 4122 918 4198 legibus
942 4120 1132 4179 Constantini
1155 4123 1255 4198 Magni
1282 4123 1329 4180 his
1352 4143 1378 4180 a.
1403 4124 1477 4182 335:

145 4229 280 4298 quoniam
307 4223 379 4296 Afri
406 4224 529 4282 curiales
560 4229 704 4299 conquesti
730 4233 795 4282 sunt
821 4225 958 4299 quosdam
985 4227 1014 4281 in
1042 4243 1093 4281 suo
1121 4243 1238 4300 corpore
1263 4236 1330 4299 post
1346 4227 1479 4301 flaneonii

144 4327 275 4384 honorent
305 4336 331 4382 et
360 4328 514 4384 sacerdotii
541 4327 586 4383 cel
611 4330 797 4401 magistratus
830 4327 951 4384 decursa
978 4329 1103 4401 turipum
1133 4331 1317 4404 praepositos
1347 4329 1479 4403 campelli

139 4428 203 4502 fieri
230 4431 418 4498 mansionum,
445 4429 523 4502 quod
549 4431 579 4484 in
606 4429 729 4502 singulis
756 4432 845 4486 curiis
871 4433 1011 4503 sequentis
1043 4432 1135 4486 meriti
1167 4439 1193 4487 et
1216 4431 1325 4504 proclus
1353 4431 1477 4489 homines

145 4530 263 4604 implere
285 4541 456 4588 consuerunt
475 4539 530 4586 cet.
554 4527 603 4605 (O.
621 4529 678 4588 Th.
699 4529 746 4600 12,
765 4533 792 4601 1,
810 4529 862 4604 21)
886 4540 915 4588 et
937 4551 964 4587 a.
982 4530 1040 4588 337
1070 4532 1141 4588 data
1168 4532 1206 4588 ad
1228 4532 1386 4588 concilium
1408 4551 1477 4606 pro·

144 4631 260 4688 vinciae
275 4631 411 4688 Africae:
435 4632 627 4689 sacerdotales
649 4643 676 4690 et
688 4623 822 4706 flamines
840 4643 995 4708 perpetuos
1017 4643 1101 4707 atque
1123 4637 1205 4690 enam
1227 4634 1420 4690 duurnoirales
1440 4635 1476 4690 ab

146 4751 324 4790 annonarum
347 4737 558 4808 praeposituris
589 4737 724 4791 immunes
757 4752 816 4792 esse
838 4739 1032 4816 praecipimus
1065 4733 1113 4810 (G.
1137 4733 1194 4791 Th.
1214 4734 1260 4806 12,
1278 4736 1306 4803 5,
1323 4733 1365 4809 2).
1410 4733 1476 4791 Has

146 4834 225 4910 leges
248 4844 375 4910 apparet
396 4853 449 4892 eos
471 4835 556 4909 ipsos
580 4835 699 4894 ordines
722 4836 893 4912 respexisse
916 4855 992 4911 quos
1019 4837 1078 4892 iam
1101 4837 1189 4894 nobis
1212 4836 1353 4912 proponit
1375 4837 1476 4894 album

147 4935 408 5013 Thamugadense.

230 5039 256 5094 1.
301 5040 492 5097 sacerdotales
514 5039 573 5097 duo
596 5042 638 5116 (1,
658 5039 814 5114 15-17),
837 5041 959 5097 omnino
982 5040 1162 5114 provinciae,
1186 5040 1222 5098 de
1244 5040 1355 5115 quibus
1377 5040 1475 5099 conf·

147 5141 229 5197 rendi
256 5147 326 5198 suut
352 5140 577 5200 Hirschfeldius
605 5142 685 5217 (ann.
710 5146 779 5200 inst.
805 5141 884 5200 1866
907 5162 936 5218 p.
954 5141 992 5200 69
1016 5141 1094 5218 seq.)
1122 5149 1151 5198 et
1174 5143 1401 5216 Marquardtius
1430 5143 1474 5218 (in

150 5241 201 5299 hac
229 5242 418 5319 ephemeride
444 5246 469 5314 1,
487 5241 546 5302 212
577 5251 606 5302 et
633 5243 909 5350 Staatscertqaltanp
940 5245 966 5316 1,
989 5241 1073 5318 372).
1117 5243 1159 5300 Hi
1185 5264 1245 5302 utin
1274 5245 1371 5303 solum
1392 5245 1476 5302 ‘inter

1251 5348 1269 5406 6
