3632 6040
664 585 713 634 us
733 585 862 637 saenis
881 586 973 637 orrs.
1436 573 1482 642 69

149 768 197 816 tus
225 770 273 817 est
299 759 404 818 titulus
431 760 580 837 genuinus
607 759 672 832 ille,
703 777 791 835 quem
814 759 988 819 Mazochius
1018 761 1068 818 fol.
1095 762 1206 820 XXVI
1228 764 1377 836 exhibuit,
1404 765 1482 824 loeus

149 864 324 938 adsignatus
347 881 367 918 a
387 862 482 937 Nigro
505 872 531 920 et
553 862 727 921 Castauiauo
751 880 810 920 eur.
834 881 948 939 operum
966 863 1153 938 publicorum.
1198 865 1304 924 deinde
1331 867 1390 925 iarn
1419 875 1481 926 tum

148 985 216 1022 cum
233 963 383 1023 Gruterus
401 961 591 1024 Gutenstenii
614 983 707 1039 opera
730 983 803 1022 usus
820 975 865 1022 est
880 965 1048 1041 Regionum
1071 967 1153 1025 urbia
1176 968 1214 1025 ab
1236 968 1356 1026 homine
1379 971 1480 1048 ignoto

146 1067 396 1144 interpolatarum
419 1067 604 1144 exemplaria
625 1067 655 1123 in
679 1066 815 1126 manibus
838 1069 970 1126 omnium
992 1077 1086 1126 erant.
1130 1069 1190 1128 iam
1213 1089 1278 1128 curn
1300 1071 1330 1128 in
1353 1074 1482 1148 genuina

145 1167 266 1226 Notitia
287 1169 444 1246 regionum
466 1169 517 1244 (R.
534 1168 627 1244 VIII)
651 1169 793 1244 seriptum
816 1171 856 1228 sit
877 1171 1009 1246 ternplum
1032 1169 1164 1242 Saturni,
1191 1173 1260 1230 inde
1286 1174 1407 1252 ignotus
1429 1175 1481 1234 ille

147 1272 279 1347 scriptor
303 1271 380 1346 (cod.
404 1271 473 1329 Vat.
498 1272 594 1347 3394)
621 1271 681 1328 leni
708 1291 798 1330 manu
826 1272 923 1330 effecit
944 1275 1022 1331 aedis
1046 1274 1118 1350 Opia
1141 1285 1167 1333 et
1188 1273 1318 1347 Saturni,
1340 1277 1480 1336 nimirum

144 1392 261 1432 memor
276 1393 378 1432 eorum
402 1393 478 1450 quae
494 1374 530 1431 de
552 1375 658 1432 borum
679 1375 833 1432 numinum
855 1375 1000 1453 religione
1023 1377 1102 1452 apud
1116 1377 1302 1436 Macrobium
1318 1377 1380 1438 Sat.
1400 1381 1426 1451 1,
1442 1382 1480 1438 10

143 1476 269 1552 legerat.
314 1477 459 1535 audacius
474 1496 536 1534 rem
553 1478 614 1552 egit
635 1477 727 1535 Ianus
743 1477 926 1536 Parrhasius
942 1477 972 1535 in
988 1478 1117 1536 editione
1132 1478 1265 1539 Victoris
1287 1481 1332 1538 sui
1353 1501 1380 1540 a.
1400 1482 1478 1542 1505

142 1579 258 1636 emissa
287 1598 354 1636 eum
382 1580 504 1656 scripsit
526 1581 605 1638 aedis
631 1579 702 1655 Opia
725 1590 751 1637 et
772 1578 895 1637 Saturni
917 1583 946 1637 iu
969 1583 1030 1640 cieo
1053 1584 1174 1657 iugario,
1203 1600 1280 1658 quae
1307 1585 1401 1642 verba
1426 1604 1480 1660 per

143 1681 291 1739 editiones
314 1681 445 1740 Victoris
474 1682 658 1758 posteriores
686 1689 853 1759 propagata
881 1691 952 1742 aunt
979 1683 1019 1758 (v.
1043 1683 1121 1760 Top.
1147 1683 1175 1756 2,
1191 1685 1250 1742 303
1267 1685 1339 1761 ss),
1367 1685 1478 1746 abusus

141 1783 195 1840 ille
210 1783 365 1841 Veliensis
382 1785 549 1842 kalendarii
572 1787 631 1842 iem
653 1794 715 1842 tum
738 1786 875 1844 omnibus
898 1787 961 1844 triti
984 1793 1056 1844 nota
1077 1785 1115 1844 ad
1140 1786 1177 1843 10
1194 1789 1272 1865 Aug.
1289 1791 1387 1864 seriae
1407 1808 1478 1848 arae

147 1886 220 1961 Opia
244 1896 269 1944 et
286 1886 397 1946 Cereris
420 1889 450 1944 iu
464 1891 526 1962 pice
547 1891 660 1963 iugario
676 1890 843 1946 constitutae
857 1899 930 1946 artat.
948 1922 987 1930 —
1003 1907 1081 1964 quae
1102 1908 1168 1946 cum
1191 1890 1233 1947 ita
1255 1891 1315 1948 sint
1337 1892 1476 1966 quoniam

140 1988 247 2046 aedem
270 1985 393 2048 Saturni
421 1989 499 2047 binis
523 1987 645 2049 Saturni
672 1999 701 2048 et
724 1989 801 2066 Opis
830 1992 1000 2050 nominibus
1028 1991 1270 2067 cognominatam
1299 2011 1367 2052 esse
1389 2014 1476 2052 nemo

141 2099 279 2162 testatur,
306 2100 539 2150 consentaneum
561 2102 608 2150 est
629 2093 685 2150 hoc
708 2092 803 2150 solum
828 2093 963 2170 relinqui,
987 2103 1019 2152 ut
1041 2113 1222 2169 quaeramus
1245 2113 1283 2153 an
1306 2097 1477 2156 testimonia

141 2201 202 2250 tam
227 2191 383 2252 Ciceronis
400 2195 442 2252 de
464 2195 592 2271 pecunia
613 2194 735 2272 publice
757 2214 776 2252 a
797 2193 929 2254 Caesare
951 2198 991 2254 ad
1007 2196 1078 2272 Opia
1101 2197 1205 2256 relicta
1227 2216 1317 2273 quam
1341 2199 1475 2258 hemero-

143 2297 213 2374 logii
236 2297 419 2355 Amiternini
443 2297 479 2355 de
502 2295 650 2372 Opalibus
678 2298 718 2355 ad
736 2299 835 2372 foratu
862 2298 949 2356 factis
971 2300 1140 2374 pertineant
1162 2300 1199 2360 ad
1226 2300 1331 2359 aedem
1354 2300 1476 2362 Saturni

145 2409 244 2457 notam
266 2407 358 2474 atque
380 2408 519 2476 exparte
540 2399 740 2476 superstitem,
764 2401 847 2458 cuius
866 2401 986 2477 plenum
1003 2421 1111 2460 nomen
1126 2403 1202 2460 miro
1226 2422 1297 2462 casu
1313 2437 1350 2448 -
1367 2405 1474 2463 mirum

141 2502 219 2559 enim
242 2509 288 2560 tot
310 2502 432 2559 testium
463 2502 657 2577 ipsorumque
679 2511 812 2560 aetorum
842 2503 992 2562 silentium
1016 2505 1146 2581 profecto
1168 2505 1266 2564 dicere
1287 2506 1409 2566 licet-
1426 2525 1474 2566 oc·

139 2603 285 2662 cultatum
306 2603 407 2662 fuerit.

224 2703 286 2765 Sed
307 2725 405 2782 pauca
427 2707 593 2782 praefanda
622 2717 691 2766 sunt
712 2709 817 2766 harum
846 2709 1054 2784 quaestionum
1079 2711 1211 2768 examini
1233 2711 1269 2770 de
1291 2713 1473 2772 sociaturum

137 2809 169 2866 in
193 2808 322 2885 singulis
349 2809 467 2886 templis
496 2810 650 2868 numinum
679 2811 761 2869 cultu
789 2818 877 2888 atque
900 2812 1082 2882 nominibus,
1124 2823 1226 2872 notum
1249 2823 1295 2874 est
1316 2817 1473 2890 pontifices

137 2907 267 2987 negasse
289 2912 379 2970 licere
401 2911 518 2970 Honori
541 2923 571 2970 et
591 2912 703 2971 Virtuti
726 2913 830 2972 aedem
852 2933 943 2972 unam
967 2914 1106 2987 dedicari,
1130 2917 1206 2990 quad
1226 2917 1367 2993 negabant
1388 2938 1473 2978 uuam

140 3014 242 3073 cellam
256 3015 366 3073 duabus
388 3025 460 3073 reete
475 3016 614 3086 dedituri,
637 3019 715 3091 quia,
738 3019 765 3072 ai
786 3017 820 3074 de
842 3017 920 3074 caelo
943 3026 1020 3076 taeta
1042 3027 1093 3076 aut
1112 3019 1230 3094 prodigi
1251 3019 1366 3095 aliquid
1386 3024 1416 3078 ia
1439 3042 1473 3081 ea

129 3120 246 3193 jactura
262 3128 343 3190 esset,
366 3118 492 3194 difficilia
502 3122 672 3194 procuratio
687 3121 777 3193 soret,
800 3121 878 3195 quod
898 3124 955 3177 atri
971 3122 1021 3178 deo
1043 3139 1089 3179 rea
1111 3123 1210 3179 diuina
1225 3123 1307 3198 fleret
1328 3126 1396 3181 sciri
1419 3143 1472 3182 uon

132 3229 251 3295 posset:
272 3238 362 3295 nequa
384 3223 456 3278 enirn
472 3221 579 3279 duobus
601 3224 659 3278 uisi
681 3225 763 3280 certis
778 3223 838 3279 deis
860 3225 915 3280 rite
929 3241 987 3280 aaa
1009 3223 1104 3282 hostia
1120 3226 1196 3300 fieri.
1234 3229 1275 3282 ita
1291 3226 1392 3283 addita
1408 3227 1471 3285 Ver·

136 3325 204 3380 tatia
227 3324 309 3380 aedis
329 3323 523 3398 adproperata
544 3342 627 3398 apere
643 3330 709 3381 cett.
727 3323 808 3400 (Lis,
827 3323 875 3396 27,
892 3323 955 3399 25).
1000 3345 1077 3402 quae
1093 3327 1185 3384 verba
1208 3328 1235 3385 si
1256 3335 1335 3386 reete
1358 3329 1472 3406 scripta

135 3424 258 3483 suntin
281 3424 446 3498 codicibus,
469 3425 622 3483 Honorem
645 3435 674 3483 et
696 3425 844 3484 Virtutem
867 3435 992 3504 apparet
1013 3447 1073 3485 non
1099 3429 1192 3487 fuisse
1215 3431 1292 3488 inter
1314 3429 1386 3489 deos
1408 3451 1469 3490 cer·

133 3535 198 3598 tos;
222 3527 296 3584 certi
319 3535 416 3585 autem
440 3529 465 3586 si
488 3529 548 3586 sint
569 3527 666 3585 eidem
681 3547 757 3603 quos
774 3527 872 3586 Varro
894 3531 951 3587 hoc
965 3532 1086 3589 nomine
1109 3533 1272 3608 insignivit,
1296 3551 1356 3590 una
1370 3534 1471 3594 hostia

133 3629 201 3688 fieri
222 3629 359 3705 potuisse
387 3629 444 3688 diis
472 3630 550 3688 binis
572 3650 609 3688 ex
637 3650 739 3688 eorum
767 3649 891 3689 numero
914 3650 990 3707 quos
1016 3629 1047 3690 ‘a
1069 3634 1143 3692 Iano
1166 3634 1203 3691 ad
1225 3631 1385 3694 Naeuiam’
1409 3637 1470 3694 sin·

132 3732 213 3810 gulis
237 3732 395 3790 momentis
418 3733 498 3790 vitae
526 3733 674 3792 humanae
701 3734 870 3810 praefuisse
899 3743 1001 3793 notum
1023 3745 1078 3806 est,
1107 3756 1168 3794 non
1195 3739 1333 3814 potuisse
1360 3741 1468 3798 ceteris

132 3833 254 3893 selectis
277 3835 470 3910 incertisque,
493 3854 548 3893 nec
570 3836 706 3912 potuisse
735 3836 782 3892 bis
813 3836 901 3894 aedes
928 3836 984 3894 nisi
1013 3839 1140 3915 singulis
1170 3839 1304 3916 singulas
1327 3840 1467 3899 dedicari.

130 3937 269 3996 Honoris
293 3945 323 3994 et
345 3937 474 3995 Virtutis
502 3939 676 3996 numinibus
703 3957 811 4016 genere
836 3940 923 4014 paria
951 3949 1020 3997 sunt
1041 3940 1163 3998 Paroria
1186 3951 1212 3998 et
1231 3940 1373 4013 Palloria,
1398 3941 1469 4018 Spei

131 4052 158 4100 et
171 4041 335 4098 Fortunae:
356 4039 548 4098 confirmatur
566 4041 670 4117 regula
684 4042 839 4116 pontificia
853 4060 889 4098 eo
906 4042 986 4116 quod
1007 4042 1069 4098 illis
1091 4051 1226 4118 tempore
1248 4045 1467 4120 antiquissimo,

128 4144 177 4201 his
201 4142 290 4200 tertio
314 4149 459 4217 quartove
481 4161 510 4218 p.
534 4140 567 4200 C.
591 4162 620 4200 n.
645 4143 766 4202 saeculo
789 4143 868 4202 binis
891 4143 970 4216 bina,
998 4163 1058 4201 non
1087 4146 1206 4222 singula
1227 4147 1339 4223 templa
1366 4149 1466 4208 aedifi·

131 4259 199 4302 eata
219 4250 299 4302 sunt.
344 4244 396 4302 illa
411 4254 625 4303 commemorat
639 4244 757 4318 Livius,
781 4246 853 4303 haee
871 4244 990 4304 Notitia
1012 4248 1176 4324 regionum.
1220 4249 1280 4308 iam
1303 4257 1466 4310 ceterarum

131 4347 251 4405 aedium
275 4364 427 4405 sacrarum
451 4359 519 4406 ante
542 4349 741 4425 principatum
758 4351 887 4426 Augusti
910 4349 1095 4408 conditarum
1117 4329 1211 4410 fastos
1234 4353 1465 4429 perlustramus:

129 4469 200 4508 rara
221 4458 294 4508 sunt
315 4449 421 4507 sociati
444 4449 569 4508 deorum
585 4451 722 4509 binorum
744 4461 934 4510 ternorumve
957 4453 1083 4529 singulis
1101 4454 1226 4513 aedibus
1243 4455 1340 4514 cultus
1365 4475 1465 4516 exem-

130 4552 188 4626 pla.
235 4550 382 4608 demenda
405 4560 476 4610 sunt
498 4572 535 4610 ex
558 4571 682 4612 numero
706 4554 911 4630 exemplorum
935 4557 1047 4632 templa
1068 4557 1150 4615 lovis
1172 4557 1296 4616 Iunonis
1311 4557 1465 4618 Miuervae

133 4651 347 4728 Capitolinum,
376 4651 495 4712 Cereris
523 4655 626 4714 Liberi
648 4655 837 4734 Liberaeque
863 4657 900 4714 ad
926 4659 1037 4716 circum
1064 4659 1241 4718 maximum:
1269 4660 1357 4718 huius
1386 4661 1464 4719 enim

132 4753 350 4814 Graecanicam
373 4756 520 4834 originem
542 4777 603 4814 non
627 4760 773 4835 estquod
796 4759 967 4834 edisseram,
992 4761 1028 4818 de
1049 4761 1129 4820 illius
1151 4763 1256 4820 triadis
1279 4762 1394 4840 origine
1417 4764 1465 4821 vel

131 4858 239 4916 Italica
261 4857 309 4916 vel
332 4855 518 4918 Graecanica
544 4861 601 4919 etsi
628 4879 688 4919 non
715 4861 853 4920 convenit
878 4864 956 4922 inter
982 4864 1119 4922 homines
1142 4865 1247 4922 doctos
1265 4896 1302 4906 -·
1318 4885 1365 4923 me
1387 4865 1463 4924 scito

131 4957 167 5016 de
189 4958 377 5019 Graecanica
401 4981 460 5019 non
482 4961 672 5022 dubitare-
689 4971 789 5022 tamen
815 4965 956 5023 cellarum
985 4965 1093 5024 divisio
1120 4977 1192 5026 nota
1213 4967 1287 5025 iuris
1309 4969 1463 5044 pontifica-

129 5061 166 5118 lis
199 5079 334 5120 normam
369 5081 461 5140 supra
493 5066 664 5142 expositam
697 5066 861 5124 confirmat.
906 5075 1005 5125 cetera
1031 5069 1172 5146 exempla
1192 5069 1335 5130 vbinorum
1367 5071 1462 5129 numi-

130 5182 200 5222 num
223 5165 351 5241 siugulis
374 5167 499 5226 aedibus
514 5169 663 5228 cultorum
686 5176 739 5226 aut
753 5187 825 5226 vera
852 5176 903 5227 aut
925 5189 1001 5245 quae
1016 5170 1173 5229 videantur
1196 5189 1265 5230 esse
1287 5167 1360 5230 baec
1383 5183 1460 5232 sunt.
