3596 6040
324 531 395 604 106
755 547 1056 598 unurruuuurvu
1085 548 1168 598 von.
1187 549 1217 597 11

322 651 669 665 ,.-...-.-..-..-.--

322 744 356 784 00
377 723 503 799 0000001)
527 725 649 782 eiusdem
670 724 841 779 condicionis
863 732 954 779 esseut
975 725 1052 780 cuius
1076 733 1140 780 autc
1154 723 1298 796 fuissent:
1322 723 1515 797 adiectumque
1537 727 1597 794 ius,
1624 734 1656 781 ut

322 837 348 886 et
377 827 490 896 limites,
519 828 552 882 id
580 835 620 883 est
648 826 794 881 decumani
822 833 848 880 et
876 825 1020 894 cardines,
1050 828 1143 900 operti
1166 823 1274 899 populo
1302 834 1410 893 csseat;
1438 825 1508 882 item
1532 821 1657 882 Siculus

321 928 450 987 Flaccus
472 948 501 1003 p.
520 927 588 996 157,
607 929 657 984 ll:
681 937 808 983 auctores
832 927 977 982 divisionis
1000 928 1265 1001 adsipaatiouisquc
1287 927 1361 1001 10900
1382 927 1523 1000 quasdam
1546 927 1657 984 colonis

322 1032 494 1100 describunt,
520 1039 553 1086 ut
578 1029 619 1104 [et
645 1028 743 1102 codsa]
770 1029 820 1102 qui
845 1031 910 1102 apri
936 1031 1029 1086 sacris
1052 1027 1161 1101 [sacris
1183 1027 1301 1102 addidi]
1324 1028 1449 1086 delubris
1472 1029 1657 1102 sepulcrisoa

318 1134 499 1210 publicisque
520 1132 589 1189 solis
612 1133 734 1200 itineris,
757 1131 829 1199 uiae,
851 1137 941 1199 octus,
964 1129 1084 1187 ambitus
1106 1131 1262 1204 ductusque
1284 1147 1425 1204 aquaram
1447 1129 1536 1205 [quae
1558 1131 1657 1205 publi-

323 1237 366 1294 cis
390 1234 493 1309 deleri]
516 1233 686 1292 utilitatibus
709 1233 856 1289 servierint
876 1233 917 1288 ad
937 1232 970 1288 id
989 1249 1077 1306 usquc
1093 1240 1211 1306 ternpus,
1234 1250 1288 1306 quo
1304 1234 1370 1307 apri
1385 1233 1536 1290 divisiones
1546 1235 1658 1308 fierent,

323 1342 354 1394 ia
376 1339 472 1394 eodan
494 1336 655 1393 condicione
682 1343 773 1391 esseut
793 1351 852 1408 qua
874 1343 938 1391 aute
960 1331 1049 1407 [inter
1071 1332 1144 1407 cod]
1165 1336 1294 1408 fueruat,
1322 1353 1373 1392 uec
1399 1337 1551 1410 quicquam
1576 1333 1657 1393 utili-

324 1439 429 1496 tatibus
448 1438 572 1512 publicis
596 1439 811 1510 deropaueruut.
855 1433 912 1492 His
935 1444 1073 1492 accurate
1094 1435 1277 1511 respondent
1297 1435 1374 1511 Iegis
1394 1437 1493 1510 capita
1507 1435 1577 1506 duc,
1602 1455 1659 1493 nec

323 1539 432 1598 limites
458 1539 499 1597 ibi
526 1537 741 1596 desiderantur.
786 1537 834 1594 De
860 1556 893 1593 re
919 1536 1114 1595 conferendus
1142 1543 1188 1595 est
1210 1537 1384 1596 Rudorlfius
1410 1538 1536 1596 institut.
1560 1556 1658 1614 grem.

325 1661 354 1718 p.
372 1641 440 1699 398.
464 1641 534 1698 400.

178 1749 320 1800 Pecuniam
409 1743 437 1800 3.
480 1743 534 1800 Ius
561 1741 704 1818 pecuniae
731 1741 868 1818 publicae
895 1741 1010 1799 dandae
1038 1741 1243 1799 attribuendae
1276 1741 1354 1816 apud
1388 1741 1529 1799 duoviros
1562 1741 1661 1800 fuisse

185 1832 395 1926 publicaminde
428 1845 634 1914 confirmatur,
667 1844 748 1918 quod
779 1843 935 1918 pecuniam
963 1843 1112 1918 publicam
1141 1843 1172 1900 in
1201 1843 1288 1901 ludos
1317 1860 1389 1901 suos
1422 1843 1660 1902 consumendam

179 1915 445 2045 ³}”bllltuuuuu
471 1947 532 2022 ipsi
559 1946 616 2003 sibi
644 1952 779 2016 sumunt,
807 1954 910 2002 contu
935 1945 1135 2021 impendenda
1160 1946 1190 2002 in
1217 1946 1304 2003 tucos
1328 1945 1483 2003 aestuosos
1507 1945 1661 2004 aeonibus

188 2013 310 2129 „⁰2³3ss
327 2050 500 2109 attribuitur
521 2067 540 2105 u
562 2047 696 2106 tuturus
720 2046 759 2121 (u.
775 2045 876 2104 Lxx.
899 2046 1030 2121 cxxi).
1051 2080 1091 2088 -
1112 2047 1237 2104 Mutuus
1260 2048 1402 2104 utuuutr
1424 2048 1572 2122 estquod
1594 2049 1661 2105 ufe-

202 2163 297 2228 quique
327 2153 404 2210 citur
425 2170 464 2209 ex
486 2170 510 2209 c.
534 2149 651 2221 LXIX,
674 2149 815 2206 duoviros
837 2149 992 2224 pecuniam
1014 2167 1074 2205 non
1096 2149 1266 2206 attribuisse
1293 2150 1351 2207 nisi
1374 2149 1405 2206 iu
1428 2167 1513 2206 suurn
1535 2169 1662 2221 annum,

204 2261 299 2296 annum
327 2255 428 2330 itaque
453 2253 658 2328 redemptione
684 2251 763 2309 iacta
787 2250 819 2307 in
845 2269 940 2308 annos
967 2251 1069 2325 plures
1091 2251 1326 2325 uniuscuiusque
1352 2251 1422 2308 anni
1444 2251 1554 2309 IIviros
1577 2269 1662 2309 sum-

326 2376 404 2415 mam
438 2373 492 2414 000
524 2343 603 2411 0000
636 2352 848 2430 praestandam
879 2352 1119 2428 redemptoribus
1153 2352 1335 2411 attribuisse.
1384 2353 1420 2410 Id
1449 2361 1482 2410 ut
1509 2355 1662 2412 institutis

325 2457 432 2534 populi
457 2456 586 2532 Romani
613 2456 724 2532 optime
753 2455 901 2524 convenit,
934 2455 977 2511 ita
1009 2454 1047 2510 ad
1075 2471 1214 2511 censores
1245 2473 1364 2531 quoque
1397 2457 1501 2530 populi
1528 2456 1662 2515 Romani

325 2567 405 2617 recte
431 2559 585 2629 referetur,
612 2559 702 2615 modo
729 2557 950 2632 distinguamus
975 2557 1053 2613 inter
1079 2557 1234 2632 pecuniam
1262 2556 1337 2633 ipsis
1360 2557 1541 2630 attributam,
1569 2577 1662 2633 quam

326 2661 519 2719 exsolverent
549 2679 615 2718 cum
643 2659 753 2716 vellent
780 2659 948 2734 quibusque
976 2658 1170 2732 pensionibus
1199 2658 1322 2728 vellent,
1356 2668 1385 2717 et
1411 2659 1569 2735 pecuniam
1599 2662 1662 2719 sol·

326 2762 453 2821 vendam
482 2781 521 2820 ex
549 2761 699 2820 locatione
726 2759 846 2835 quidem
879 2760 916 2816 ab
941 2759 1016 2834 ipsis
1042 2760 1122 2818 iacta
1146 2778 1244 2836 neque
1273 2769 1372 2818 tamen
1400 2761 1436 2819 de
1464 2763 1594 2838 pecunia
1622 2763 1662 2822 iis

329 2865 482 2924 attributa.

187 2975 320 3025 Poenaea
413 2967 442 3025 4.
486 2965 649 3023 Pecuniam
676 2983 790 3040 poenae
817 2965 935 3022 nomine
962 2965 1000 3022 ob
1027 2965 1185 3040 vectigalia
1214 2965 1349 3023 coloniae
1378 2965 1409 3022 in
1436 2965 1588 3040 publicum
1616 2988 1663 3026 re-

184 3057 447 3128 0011(1101)·(1001010
473 3069 525 3126 lex
553 3086 576 3124 c.
599 3066 686 3124 LXV
708 3067 790 3124 iubet
812 3085 871 3123 000
892 3067 1024 3142 impendi
1046 3067 1104 3124 nisi
1130 3067 1161 3123 iu
1184 3085 1269 3124 sacra
1291 3066 1439 3138 coloniae3
1468 3068 1577 3142 quibus
1601 3089 1662 3128 non

175 3155 203 3188 re
212 3140 322 3204 vectiga-

192 3169 540 3271 ΗΒΘΜΦο000001000011
570 3169 658 3238 ludos
692 3169 876 3244 intellegitur
902 3187 941 3224 ex
973 3168 1108 3226 clausula
1134 3177 1269 3226 extrema
1298 3187 1383 3244 capp.
1413 3168 1529 3227 LXIX.
1557 3169 1662 3229 LXX,

195 3311 236 3353 ta,
249 3310 278 3352 ,t
289 3305 317 3352 in
331 3273 487 3348 Quaenam
516 3291 568 3329 eae
594 3289 710 3346 poenae
738 3270 797 3328 sint
823 3271 853 3327 in
882 3289 918 3328 ea
939 3278 1025 3346 parte
1051 3270 1127 3347 Iegis
1151 3289 1239 3346 quam
1261 3271 1408 3328 habemus
1431 3289 1490 3328 non
1511 3276 1662 3344 inventae,

184 3401 258 3436 sacra
270 3387 317 3435 im-
330 3377 362 3434 in
383 3375 553 3438 universum
576 3373 662 3430 facile
685 3381 823 3448 apparet3
847 3371 962 3429 scilicet
984 3391 1046 3442 eae,
1068 3389 1144 3447 quae
1167 3373 1338 3430 conductori
1361 3374 1398 3430 ob
1421 3373 1577 3448 pecuniam
1601 3393 1663 3431 non

176 3472 410 3536 pendissfflfiusto
438 3484 571 3552 tempore
599 3475 726 3532 solutam
754 3474 802 3531 vel
826 3493 888 3530 rem
916 3472 994 3530 male
1022 3473 1153 3530 habitam
1181 3475 1247 3550 lege
1273 3475 1431 3532 locationis
1454 3475 1662 3552 iniungantur.

330 3579 405 3656 Ipsa
430 3578 481 3636 Iex
507 3598 587 3636 nova
613 3584 669 3647 est,
698 3576 751 3634 sed
778 3594 871 3633 causa
897 3584 1014 3651 aperta:
1044 3575 1159 3633 scilicet
1185 3577 1216 3647 ii,
1246 3576 1354 3651 quibus
1380 3575 1572 3634 iudicandum
1599 3588 1665 3636 erat

329 3699 443 3757 poenae
466 3699 519 3738 eae
541 3679 757 3737 commissaene
780 3687 890 3746 esseut,
915 3677 979 3734 sive
1002 3677 1195 3753 magistratus
1217 3679 1239 3735 ii
1260 3678 1381 3736 luerunt
1402 3679 1463 3735 sive
1485 3679 1663 3738 decuriones

331 3783 393 3841 sive
414 3791 650 3857 recuperatores,
674 3800 740 3838 cum
763 3798 866 3837 corum
888 3780 1046 3836 interesset
1067 3779 1211 3854 pecuniae
1233 3780 1362 3854 publicis
1378 3779 1479 3837 usibus
1494 3781 1664 3840 destinatae

330 3903 420 3960 quam
442 3884 603 3942 maximam
626 3883 741 3958 copiam
765 3881 881 3938 aerario
904 3899 982 3950 esse,
1004 3900 1040 3937 ne
1063 3881 1099 3937 de
1119 3899 1174 3938 sua
1189 3899 1280 3938 eausa
1295 3881 1515 3956 quodammodo
1530 3883 1664 3941 iudicare

329 3987 512 4056 viderentur,
535 3986 591 4043 hac
612 3985 679 4060 lege
700 3984 871 4054 cavebatur,
900 4001 936 4040 ea
957 3982 1083 4058 pecunia
1104 4001 1141 4040 ne
1168 3982 1197 4038 in
1221 4001 1294 4040 usus
1320 3984 1457 4060 publicos
1480 3993 1664 4060 erogaretur,

332 4089 385 4146 sed
408 4087 613 4146 tantummodo
635 4086 667 4142 in
688 4105 749 4142 rem
774 4102 899 4142 sacram.
944 4083 1033 4157 Quod
1057 4083 1082 4141 si
1104 4103 1163 4141 000
1184 4083 1373 4155 obtinuisset,
1395 4085 1459 4143 fieri
1480 4083 1609 4161 poterat,
1632 4098 1664 4146 ut

332 4189 482 4267 augustiis
505 4188 612 4246 aerarii
634 4187 691 4244 hac
714 4186 762 4244 via
784 4187 862 4243 male
885 4185 1102 4244 subveniretur.

197 4304 311 4367 Stipsut
417 4292 444 4350 5.
490 4287 595 4348 Simile
617 4288 757 4364 quiddam
780 4295 902 4346 cavetur
924 4306 948 4344 c.
964 4287 1085 4344 LXXII
1108 4288 1144 4345 de
1167 4289 1251 4362 stipe.
1287 4285 1407 4347 Scilicet
1427 4289 1558 4347 collectis
1576 4309 1664 4365 pecu-

198 4387 317 4436 111880ῐὸ
335 4394 394 4452 niis
421 4392 492 4450 certi
519 4391 672 4448 culusdam
695 4390 826 4447 numinis
849 4406 1001 4447 sacrorum
1024 4387 1420 4464 causa(Liv.25,12,14:
1445 4393 1529 4448 ludos
1546 4404 1667 4467 praetor

199 4473 317 4532 ⁰¹⁰g⁰t¹¹¹
333 4500 364 4554 ia
390 4498 464 4552 circo
490 4496 612 4551 mammo
638 4511 700 4549 eum
718 4495 855 4567 facturus
883 4499 967 4560 essct,
994 4492 1093 4562 edicit,
1120 4501 1151 4548 ut
1168 4493 1294 4565 populus
1314 4509 1368 4566 per
1389 4511 1435 4549 eos
1458 4493 1543 4551 ludos
1565 4499 1665 4570 stipem

333 4597 466 4674 Apotttttt
491 4603 627 4670 quautam
653 4595 825 4652 commodum
851 4601 922 4650 essct
949 4593 1103 4664 conferret,
1130 4601 1163 4650 ut
1184 4593 1259 4650 alios
1283 4593 1397 4651 similes
1419 4594 1501 4652 locos
1525 4595 1664 4672 mittam),

333 4699 365 4756 id
387 4697 468 4774 quod
487 4696 662 4771 praesertim
685 4695 813 4753 obtiniut
834 4694 864 4750 in
887 4694 981 4752 sacris
996 4694 1124 4768 Magnae
1146 4692 1293 4770 mortiet),
1316 4695 1463 4770 factisque
1481 4695 1551 4754 inde
1571 4699 1663 4756 sacris

410 4934 434 4998 ¹)
455 4951 485 4986 eu
504 4938 570 4986 omui
588 4937 684 4998 codex3
704 4936 851 4986 emendavit
870 4935 982 4985 Rudorff
997 4949 1078 5000 grum.
1099 4941 1165 4985 auct.
1185 4937 1209 4995 2,
1225 4937 1286 5009 390.

410 5025 434 5089 ²)
460 5028 551 5078 Cicero
571 5031 602 5078 de
621 5030 670 5092 leg.
692 5031 721 5090 2,
739 5030 770 5089 9,
791 5029 838 5076 22:
859 5034 965 5093 praeter
983 5025 1079 5076 Idaeae
1097 5027 1186 5075 matris
1196 5026 1311 5090 sarculos
1330 5043 1418 5093 eosque
1436 5027 1511 5077 iustis
1530 5027 1617 5079 diebus
1635 5046 1664 5080 00

335 5119 390 5184 quis
414 5120 500 5185 stipem
524 5121 606 5186 sopito
632 5127 657 5169 et
681 5137 702 5170 c.
719 5121 767 5181 16,
788 5121 836 5168 40:
862 5120 949 5184 str'prem
972 5119 1115 5168 sustulimus
1133 5119 1185 5167 uisi
1202 5134 1256 5167 eum
1275 5135 1347 5184 quatu
1367 5118 1402 5168 ad
1415 5135 1515 5186 paucos
1534 5121 1589 5171 does
1602 5139 1664 5189 pro·

329 5211 417 5278 priam
436 5209 531 5262 [ducac
554 5212 644 5262 matris
666 5212 817 5278 excepimus:
841 5210 927 5277 implet
945 5212 1007 5260 enim
1026 5210 1201 5277 superstitione
1220 5211 1315 5260 animos
1334 5217 1358 5260 et
1376 5209 1493 5262 ecbaurit
1513 5211 1599 5263 domus
1618 5221 1663 5263 cst.
