3620 6050
334 572 405 641 252
926 598 1071 650 100010

331 764 370 822 ib.
394 785 423 842 p.
441 767 491 838 56,
512 766 592 826 infra
607 786 626 825 a
640 787 687 826 me
709 767 860 828 delineata
881 769 1086 848 exhibetur)¹)
1108 790 1186 830 nunc
1207 771 1285 830 inter
1306 771 1366 830 alia
1387 773 1497 832 rudera
1519 789 1574 831 suo
1596 772 1664 831 loco

332 867 438 926 avulsa
459 877 519 942 est;
541 870 612 928 item
634 871 694 928 alio
715 871 784 930 loco
807 873 950 930 Actorum
972 883 1112 932 narratur
1141 874 1195 950 (30
1218 875 1306 934 Mart.
1332 875 1426 952 1874)
1449 879 1476 934 sa'
1497 877 1511 933 1
1532 884 1666 954 cooperta

332 988 392 1028 aaa
412 973 522 1045 pracda
544 972 612 1030 baec
637 977 726 1032 attica
748 977 778 1032 10
799 993 907 1033 ruarmo
930 985 1133 1052 appartenente
1156 977 1298 1037 01100010
1319 979 1434 1036 colonae
1457 981 1590 1037 oneraris
1613 976 1665 1052 (de

332 1055 439 1146 quibus
454 1073 533 1132 infra
547 1074 718 1152 dicendum)
742 1077 834 1154 lunpo
851 1078 881 1134 lo
902 1081 950 1136 uia
972 1097 1058 1136 sacra
1079 1081 1138 1137 0110
1157 1080 1186 1150 0,
1204 1081 1243 1138 lu
1261 1100 1315 1157 per
1340 1081 1368 1153 0,
1385 1080 1425 1138 95
1445 1083 1476 1138 dt
1498 1083 1665 1150 diamcatro,

334 1173 365 1230 lc
386 1175 473 1250 quala
495 1178 509 1232 ὲ
530 1178 679 1253 capcvolta
701 1179 748 1236 aul
764 1183 856 1254 piaco
879 1180 926 1238 del
941 1181 1025 1253 soro,
1059 1181 1186 1257 denique
1218 1183 1248 1240 in
1270 1182 1428 1241 Relatione
1461 1183 1498 1241 de
1531 1183 1666 1259 capitulo

333 1276 447 1334 ordinis
470 1277 563 1336 dorici
584 1279 698 1338 inserto
721 1281 857 1340 aedificio
880 1281 970 1340 medii
993 1283 1059 1341 aevi
1083 1303 1119 1342 ea
1139 1293 1299 1346 narrantur
1321 1304 1399 1362 quae
1425 1285 1604 1362 transcripsi
1627 1285 1666 1342 ad

332 1397 362 1436 n.
380 1380 449 1452 151,
485 1381 615 1457 itemque
637 1383 746 1458 quibus
779 1383 857 1442 infra
888 1403 963 1444 usus
998 1403 1064 1444 sum
1087 1388 1123 1445 de
1146 1387 1292 1446 columnis
1313 1387 1493 1462 quibusdam
1516 1387 1554 1445 ad
1577 1388 1665 1446 basin

332 1475 522 1540 ‘Domitiani'
544 1484 683 1543 inventis.

416 1583 483 1643 Hoc
505 1603 624 1662 quoque
647 1587 806 1647 dolendum
828 1589 909 1664 quod
930 1592 967 1649 de
989 1599 1085 1650 aetate
1108 1602 1197 1668 atque
1230 1611 1289 1652 usu
1315 1613 1417 1651 eorum
1450 1593 1665 1665 aedificiorum,

333 1704 409 1761 quae
432 1686 493 1745 fere
515 1687 545 1745 in
567 1689 653 1748 Actis
676 1695 752 1748 muri
769 1695 900 1767 posticci,
932 1697 1004 1750 torri
1035 1695 1210 1765 uredicecali,
1245 1695 1383 1754 similiter
1409 1705 1555 1754 vocantur
1587 1715 1666 1754 0000

333 1790 496 1863 quaerendi
523 1792 649 1850 materia
674 1813 741 1851 cunr
768 1795 843 1869 ipsis
872 1804 977 1872 erepta
998 1805 1056 1854 est:
1091 1798 1199 1855 etenim
1226 1817 1285 1874 quo
1318 1807 1452 1874 tempore
1484 1799 1564 1857 facta
1597 1808 1668 1857 0001

333 1911 369 1950 00
384 1901 509 1970 apparet
526 1893 621 1953 fuisse
643 1896 760 1972 integra
774 1915 912 1973 magnam
928 1907 1043 1973 partem
1060 1909 1318 1960 monumentorum
1337 1901 1537 1977 antiquorum,
1553 1901 1667 1978 quippe

332 2011 459 2069 quorum
486 1996 624 2055 frustulis
654 2005 825 2056 constructa
852 2001 922 2058 sint.
964 2001 1085 2060 fuerunt
1106 2011 1204 2061 autem
1226 2003 1285 2060 tria
1306 2003 1497 2079 potissimum
1519 2003 1665 2076 aedificia,

333 2114 411 2171 quae
433 2117 512 2157 0000
534 2117 601 2158 cum
622 2101 755 2159 maximo
777 2101 883 2158 horum
906 2103 1074 2162 studiorum
1096 2103 1273 2163 detrimento
1295 2105 1446 2164 destructa
1468 2114 1547 2178 sunt,
1573 2125 1666 2164 unum

333 2200 519 2258 adstructum
545 2201 611 2260 basi
640 2207 754 2278 primae
780 2204 933 2262 latericias
956 2227 972 2264 e
994 2207 1115 2282 regione
1138 2207 1203 2266 vico
1226 2207 1327 2266 Tusco
1350 2227 1437 2284 quem
1460 2209 1562 2268 dicunt
1583 2209 1667 2286 posi-

332 2310 381 2360 tae
404 2303 445 2378 (v.
470 2301 545 2379 Syll.
572 2304 755 2364 164-168
779 2316 855 2365 etc.
878 2307 893 2364 Ι
916 2308 1003 2366 ada.
1029 2308 1193 2384 1870171),
1227 2309 1308 2368 aliud
1341 2311 1519 2369 immolitum
1553 2313 1666 2386 pluteis

334 2406 511 2464 marmoreis
535 2405 575 2481 (v.
598 2409 639 2466 ib.
663 2407 700 2464 ad
723 2428 749 2466 a.
774 2407 878 2485 1872),
901 2411 1020 2468 tertium
1043 2411 1173 2469 vicinum
1196 2411 1351 2472 columnae
1366 2412 1467 2472 Focae
1491 2411 1580 2489 (Syll.
1606 2415 1662 2472 151

335 2525 427 2583 supra
448 2528 473 2566 c.
496 2508 512 2565 Ι
534 2527 561 2566 a.
587 2509 752 2586 1870171)ε
776 2521 914 2586 quartum
937 2526 1021 2572 extat
1043 2533 1058 2570 e
1081 2513 1201 2589 regione
1223 2515 1357 2590 porticus
1380 2515 1483 2591 templi
1504 2515 1668 2574 Faustinae

335 2611 507 2687 contiguum
529 2611 595 2670 aedi
618 2612 679 2671 divi
694 2613 772 2671 Iulii.
816 2615 922 2673 horum
938 2616 1150 2690 aedificiorum,
1173 2635 1300 2692 quorum
1323 2618 1452 2693 primum
1474 2627 1504 2676 et
1525 2627 1666 2694 quartum

335 2713 405 2784 vidi,
428 2714 553 2772 alterius
575 2715 737 2791 imaginem
769 2717 1010 2795 photographam
1042 2727 1149 2777 nactus
1184 2737 1261 2791 sum,
1293 2730 1454 2797 propterea
1485 2721 1667 2780 mentionem

333 2815 421 2874 inieci
445 2817 527 2892 quod
549 2818 587 2875 ad
619 2818 880 2895 redintegrandam
915 2821 1030 2896 aliquot
1050 2830 1184 2879 veterum
1207 2831 1465 2881 monumentorum
1491 2825 1667 2882 memoriam

335 2935 424 2993 quarn
447 2920 578 2978 maxime
600 2921 757 2997 pertinent.
791 2941 826 2980 ac
847 2923 975 2998 primum
997 2924 1118 2999 quidem
1144 2925 1274 2982 breviter
1296 2927 1393 2983 dicam
1416 2926 1452 2982 de
1474 2927 1597 3002 regione
1619 2946 1668 2984 ro·

334 3030 464 3080 atrorum
497 3031 527 3082 et
559 3042 647 3082 arcus
670 3022 774 3084 Severi
796 3025 837 3100 (v.
861 3026 921 3084 tab.
945 3035 1066 3086 nostrae
1097 3027 1148 3105 fig.
1172 3026 1219 3102 2)r
1253 3029 1389 3104 acepite
1423 3029 1502 3087 enim
1530 3030 1589 3088 fori
1618 3049 1666 3088 or·

334 3127 483 3184 diendum.

419 3228 505 3287 Duas
527 3248 576 3288 res
609 3230 640 3286 in
671 3237 755 3288 tanta
778 3242 1035 3292 monumentorum
1067 3234 1125 3292 fori
1158 3233 1245 3291 ruina
1276 3233 1511 3310 fragminumque
1534 3237 1667 3294 omnium

337 3332 526 3408 dispersione
548 3339 596 3390 sat
618 3333 710 3392 miras
732 3351 798 3393 esse
820 3335 947 3393 dixeris:
970 3337 1099 3413 primurn
1122 3336 1203 3412 quod
1224 3337 1302 3394 inter
1323 3355 1423 3394 arcum
1440 3333 1544 3395 Severi
1566 3347 1596 3396 et
1618 3357 1667 3396 co-

335 3435 468 3492 lumnam
490 3433 590 3493 80000
622 3435 729 3512 ingens
762 3455 834 3511 prae
857 3437 924 3494 aliis
959 3438 1034 3496 locis
1061 3439 1244 3514 integrorum
1266 3438 1421 3515 cipporum
1442 3438 1560 3497 basium
1583 3441 1667 3498 simi·

334 3537 467 3613 liumque
488 3546 746 3596 monumentorum
768 3539 925 3598 multitudo
948 3550 1138 3598 accumutata
1160 3542 1200 3599 sit
1221 3540 1261 3616 (v.
1282 3539 1357 3616 Syll.
1378 3540 1550 3599 109-111.
1577 3544 1665 3600 llla.

337 3640 406 3696 113.
432 3640 614 3700 114-118.
641 3640 708 3698 119.
735 3640 915 3698 lar-124.
943 3641 1010 3701 126.
1036 3643 1225 3702 130—133?
1252 3643 1423 3702 lto-143
1455 3662 1516 3701 non
1537 3643 1668 3720 longca

335 3742 474 3799 columna
505 3760 609 3800 versus
643 3741 675 3802 S.
708 3743 895 3802 Hadrianum
932 3745 1140 3820 157-163),
1174 3745 1279 3803 deinde
1313 3746 1393 3822 quod
1425 3744 1533 3821 exiguo
1567 3766 1586 3804 a
1617 3765 1667 3804 co·

243 3845 245 3849 '
335 3843 439 3902 lumna
471 3845 568 3920 spatio
602 3844 749 3920 dirempta
781 3847 883 3922 plutea
914 3847 968 3904 illa
1000 3847 1179 3926 anaglyphis
1213 3856 1320 3905 ornata
1351 3848 1473 3906 inventa
1505 3849 1575 3919 sint,
1609 3850 1667 3908 hoc

336 3955 383 4004 est
404 3947 478 4004 artis
501 3955 724 4005 monumentum
748 3949 827 4024 quod
849 3968 944 4024 paene
965 3949 1114 4026 integrum
1136 3949 1174 4007 ad
1195 3967 1250 4008 000
1273 3951 1443 4026 pervenerit
1461 3951 1497 4008 de
1520 3952 1666 4010 sescentis

336 4049 433 4106 solum
457 4057 547 4124 atque
568 4048 714 4107 eiusmodi
737 4051 857 4126 quidem
879 4061 1101 4110 monumentum
1124 4051 1205 4128 quod
1237 4061 1343 4127 suapte
1368 4061 1477 4110 natura
1508 4053 1539 4110 in
1561 4053 1666 4128 primis

335 4151 471 4210 videatur
493 4159 594 4227 aptum
617 4151 655 4208 ad
678 4154 918 4212 subvertendum.
962 4155 1037 4214 baec
1059 4155 1230 4231 anaglypha
1251 4155 1283 4212 in
1297 4155 1421 4214 basibus
1437 4155 1570 4230 antiquis
1594 4157 1667 4227 suis,

336 4271 396 4311 000
418 4253 516 4311 medio
540 4271 614 4311 aevo
635 4253 733 4325 factis,
757 4256 876 4315 stetisse
898 4257 992 4315 donec
1012 4257 1134 4315 insertis
1150 4257 1325 4315 marmoreis
1348 4257 1482 4315 trabibus
1505 4275 1542 4314 00
1556 4257 1666 4316 Petrus

335 4355 421 4413 Rosa
443 4355 617 4432 augustiora
637 4355 732 4414 videri
754 4359 858 4428 001011,
892 4366 921 4416 01
943 4359 1014 4416 olim
1036 4359 1109 4416 mihi
1130 4377 1309 4436 persuasum
1341 4359 1398 4416 fuit
1420 4367 1450 4416 et
1481 4379 1560 4419 nunc
1585 4371 1668 4436 post-

336 4476 426 4533 quam
448 4458 506 4516 hoc
528 4476 606 4515 anno
632 4458 710 4517 1876
734 4459 818 4518 inre
841 4461 991 4535 praesenti
1006 4461 1210 4536 quaestionem
1232 4461 1401 4534 retractavi,
1424 4480 1512 4538 quam
1535 4464 1667 4522 maxIme

336 4569 384 4618 est
405 4577 593 4636 persuasum.
637 4561 759 4620 alterius
792 4563 887 4638 plutei
918 4581 988 4638 pars
1011 4563 1157 4638 quaedam
1191 4564 1300 4640 exigua
1327 4563 1434 4622 avulsa
1455 4564 1551 4622 adhuc
1584 4565 1667 4638 latet,

335 4663 393 4722 0101
416 4671 514 4722 tamen
537 4663 658 4722 saeculo
679 4663 739 4722 XV
766 4671 901 4722 extracta
933 4665 1066 4740 perierit,
1099 4665 1224 4724 alteram
1257 4666 1445 4741 particulam,
1479 4685 1556 4741 quae
1589 4687 1667 4726 nunc

336 4774 528 4824 monumento
550 4765 689 4822 restituta
719 4773 776 4837 est,
809 4767 954 4824 iacentem
989 4767 1049 4824 vidi
1071 4786 1164 4844 prope
1186 4768 1354 4826 columnam
1386 4787 1413 4824 0.
1441 4767 1532 4826 1872:
1567 4777 1667 4828 cetera

337 4875 441 4926 extant
463 4885 517 4925 000
539 4867 606 4926 1000
622 4847 819 4942 videnturque
841 4887 894 4944 per
915 4869 1036 4945 aliquod
1058 4877 1175 4947 tempus
1191 4870 1309 4928 obiecta
1329 4870 1423 4929 fuisse
1444 4869 1580 4930 ludibriis
1603 4873 1666 4931 sive

336 4969 531 5030 barbarorum
554 4969 616 5028 0100
638 4969 868 5028 christianorum
889 4971 1053 5044 hominum,
1076 4973 1128 5047 qui
1150 4973 1247 5048 capita
1261 4972 1392 5030 maxime
1415 4971 1591 5050 effigiesque
1612 4974 1666 5031 im-

414 5189 438 5255 ¹)
475 5194 687 5258 Photographum
708 5198 854 5263 exemplum
872 5199 1008 5262 repetitum
1029 5205 1067 5248 est
1086 5200 1112 5247 in
1131 5197 1198 5247 libro
1216 5197 1324 5248 Perkeri
1343 5199 1400 5248 The
1419 5197 1504 5248 forum
1517 5199 1662 5250 Romanum

337 5291 355 5334 1.
375 5285 469 5337 XVIII
488 5294 546 5350 post
566 5286 711 5338 absolutum
731 5289 799 5340 hunc
819 5291 1031 5340 commentarium
1051 5291 1082 5340 ad
1103 5305 1144 5340 me
1164 5289 1260 5340 adlato.
