3632 6040
670 508 720 558 nn
739 507 869 560 snanrs
889 508 982 559 orus.
1439 489 1484 558 71

151 686 333 762 quibusdam
356 693 542 760 contempto:
571 684 648 742 hanc
676 684 774 760 ipsam
797 685 900 742 aedem
926 700 993 742 esse
1015 683 1189 761 Apollinem
1212 679 1373 742 Sosianum
1394 683 1490 742 Plinii

151 787 217 863 (13,
236 789 286 848 35.
311 787 361 859 36,
378 787 431 862 18)
453 787 524 844 item
547 794 665 845 constat
687 786 820 861 (Becker
842 787 941 844 adnot.
962 783 1064 860 1274).
1109 785 1166 842 fuit
1188 787 1229 844 ad
1250 787 1389 844 theatrum
1403 785 1487 844 Mar-

151 892 218 950 celli
240 900 315 949 teste
331 893 405 948 Arv.
429 889 572 948 hemerol.
589 889 626 948 ad
648 889 676 946 d.
694 887 731 946 23
750 886 830 964 Sept.
855 895 884 946 et
907 891 1045 964 Angusto
1067 906 1147 946 mon.
1163 889 1240 946 Aac.
1257 889 1286 960 4,
1300 887 1348 945 Ὦ.
1394 907 1486 964 qnare

149 993 234 1070 quod
257 993 288 1052 in
312 992 454 1050 hemerol.
478 990 552 1050 Urb.
576 991 613 1048 ad
636 991 664 1048 d.
687 992 745 1049 inc.
769 991 933 1067 ascriptam
956 1001 1002 1050 est
1015 989 1151 1066 Apollini
1167 989 1325 1065 Letoa(ae)
1349 993 1389 1048 ad
1410 992 1485 1050 thea-

149 1095 254 1171 t(ruru)
278 1093 444 1170 Marc(elli)
467 1112 539 1152 sane
561 1093 688 1170 pertinet
711 1093 746 1151 ad
771 1093 872 1152 aedem
896 1094 1035 1152 candem:
1066 1093 1120 1150 sed
1146 1110 1243 1168 neque
1265 1093 1410 1152 hocloco
1433 1113 1486 1152 no·

149 1217 221 1256 men
246 1197 330 1256 aedis
353 1198 432 1256 binis
453 1197 623 1256 nominibus
647 1195 831 1272 significatur
852 1215 949 1272 neque
970 1215 1095 1273 usquam
1117 1195 1197 1254 alibi.

237 1301 265 1358 4.
313 1299 435 1358 Telluris
463 1299 606 1374 templum
633 1298 751 1374 (votum
777 1318 803 1356 a.
827 1299 888 1358 486
916 1299 1085 1358 dedicatum
1114 1317 1142 1356 a.
1164 1296 1236 1372 inc.)
1263 1297 1331 1356 ideo
1357 1317 1484 1358 comme·

148 1421 236 1462 moro
259 1403 341 1478 quod
363 1403 394 1462 in
417 1401 621 1480 hemerclogio
643 1401 753 1459 Praen.
776 1401 814 1458 ad
837 1402 865 1459 d.
892 1402 927 1458 13
952 1401 1025 1459 Dec.
1049 1411 1171 1478 putatur
1198 1399 1361 1478 ascriptum
1389 1401 1485 1460 fuisse

147 1505 278 1581 [Telluri
300 1514 327 1562 et
351 1503 479 1580 Cenabi:
501 1503 582 1580 quod
605 1504 630 1562 si
652 1503 709 1560 fuit
731 1502 868 1578 (Tel[uri]
892 1513 938 1561 est
960 1505 990 1562 in
1006 1504 1124 1580 Amin),
1147 1511 1246 1561 tamen
1269 1503 1305 1560 de
1327 1505 1411 1563 aedis
1432 1523 1483 1562 no-

148 1609 230 1667 mine
253 1607 330 1666 nibil
351 1606 421 1664 inde
443 1605 579 1665 efficitur.
627 1605 749 1664 Telluris
772 1605 876 1664 aedem
897 1606 1054 1664 nominant
1079 1615 1172 1666 testes
1200 1622 1313 1664 omnes.
1357 1624 1416 1664 non
1442 1607 1484 1664 in-

147 1711 272 1787 dignum
296 1711 482 1787 quaestione,
506 1728 545 1766 an
566 1709 663 1768 formu
678 1707 852 1784 Capitolina
873 1716 970 1767 aetate
986 1707 1088 1769 Severi
1110 1709 1205 1767 incisa
1226 1715 1357 1767 veterem
1380 1709 1483 1768 aedem

149 1813 283 1872 Telluris
307 1812 385 1870 binis
402 1811 535 1870 Telluris
557 1821 587 1870 et
603 1809 723 1870 Cereris
746 1811 876 1898 cessisse
898 1812 1071 1870 doceamur:
1095 1821 1139 1870 est
1160 1811 1202 1868 ibi
1224 1815 1254 1868 in
1270 1811 1408 1887 Tel[lure]
1430 1831 1482 1869 no-

148 1936 218 1974 men
240 1917 371 1992 plateae,
393 1915 479 1974 iuxta
500 1915 584 1972 aedes
606 1913 768 1990 ascriptum
789 1914 925 1972 binarum
945 1914 1062 1973 aedium
1085 1913 1319 1990 ichnographiis.
1362 1915 1483 1974 nomina

147 2039 251 2077 earum
266 2019 452 2096 ignorantur.
482 2017 535 2074 sed
551 2016 640 2075 omisi
656 2017 857 2076 coniecturam
872 2017 950 2076 hanc
965 2019 995 2076 in
1011 2036 1078 2076 mea
1093 2017 1225 2075 editione
1239 2023 1344 2092 estque
1358 2017 1480 2076 incerta.

232 2122 261 2179 5.
307 2122 414 2178 Raucae
437 2129 461 2177 et
481 2119 594 2178 Veneris
622 2119 767 2196 templum
796 2121 833 2178 ab
856 2118 1011 2178 Hadriano
1040 2119 1152 2178 factum
1174 2127 1316 2177 nontam
1339 2119 1481 2195 templum

149 2244 239 2282 unum
263 2223 329 2292 fuit,
352 2241 441 2298 quarn
465 2221 600 2280 binorum
617 2223 768 2299 copulatio
791 2241 828 2280 ne
851 2241 911 2280 una
930 2221 1049 2297 quidem
1071 2222 1169 2280 fronte
1192 2222 1382 2279 sociatorum.
1427 2223 1482 2278 hu-

150 2328 193 2384 ius
224 2327 330 2404 templi
358 2325 501 2402 geminati
529 2325 643 2382 nomini
670 2324 789 2384 saeculo
817 2334 923 2400 quarto
951 2324 1143 2384 substitutum
1172 2333 1218 2382 est
1244 2325 1363 2382 brevius
1386 2325 1482 2400 templi

153 2430 247 2500 Urbis,
271 2429 384 2504 quade
405 2447 438 2485 re
460 2427 598 2502 pluribus
619 2427 651 2485 in
674 2427 804 2486 editione
826 2427 940 2486 formae
956 2425 1147 2504 Capitolinae
1162 2426 1323 2502 disputavi.
1366 2445 1416 2486 res
1435 2435 1481 2486 est

147 2531 310 2607 singularis
334 2542 424 2606 atque
447 2549 465 2588 a
487 2539 619 2588 veterum
642 2529 820 2607 religionum
842 2550 948 2588 norma
970 2528 1143 2589 abhorrens.

230 2635 259 2692 6.
304 2634 446 2692 Diuorum
468 2636 672 2708 imperatorum
698 2633 811 2709 templa
839 2634 947 2710 partim
970 2633 1007 2690 ad
1029 2633 1112 2708 leges
1139 2633 1302 2708 patriorum
1326 2651 1480 2692 sacrorum

146 2737 256 2812 partim
279 2755 318 2794 ex
341 2736 486 2794 institutis
504 2732 697 2794 Graecanicis
721 2743 819 2794 erecta
841 2743 919 2794 sunt.
937 2769 974 2778 -
991 2735 1184 2794 Domitianus
1206 2735 1276 2794 divo
1292 2735 1479 2814 Vespasiano

145 2841 292 2917 templum
314 2838 385 2898 fecit
400 2838 438 2896 ad
460 2838 557 2896 forum
580 2838 664 2896 ouius
680 2856 758 2896 nunc
779 2846 942 2913 supersunt
963 2845 1024 2896 tres
1042 2837 1207 2896 columnae.
1252 2838 1319 2896 aedi
1334 2858 1353 2897 a
1369 2837 1479 2900 Severo

144 2952 174 3001 et
195 2941 353 3002 Antonino
375 2941 531 3000 restitutae
553 2941 730 3017 inscriptum
751 2940 807 2999 fuit
828 2941 893 2999 dico
912 2941 1090 3018 Vespasiano
1111 2938 1243 3016 Aequa
1266 2959 1288 3000 s.
1302 2961 1334 3016 p.
1351 2961 1411 3017 q.r
1432 2960 1478 3000 ce·

143 3055 215 3104 tera.
234 3054 323 3102 —at
351 3044 382 3102 in
409 3045 545 3122 catalogo
575 3062 696 3119 operum
722 3043 962 3102 Domitianorum
986 3052 1076 3119 atque
1096 3043 1128 3100 in
1150 3041 1270 3101 Notitia
1291 3043 1478 3122 dignitatum,

142 3148 228 3206 libris
252 3147 373 3206 saeculo
400 3156 508 3223 quarto
538 3147 669 3222 scriptis,
697 3155 822 3204 vocatur
848 3147 981 3222 ternplum
1000 3145 1171 3222 Vespasiani
1197 3155 1224 3204 et
1248 3146 1306 3204 Titi
1327 3145 1426 3221 (solas
1448 3148 1477 3205 A

143 3251 280 3310 Notitiae
307 3269 365 3308 orn.
390 3260 416 3308 et
439 3249 520 3325 Titi).
558 3249 711 3308 dubitatur
732 3268 770 3307 an
793 3249 832 3307 ad
852 3249 910 3306 hoc
932 3249 1074 3326 templum
1096 3248 1264 3324 pertincant
1285 3251 1377 3308 verba
1402 3249 1477 3326 legis

143 3353 265 3430 collegii
288 3352 461 3428 Aesculapii
483 3359 513 3410 et
533 3351 653 3430 Hygiae
677 3350 787 3427 (Orell.
811 3351 906 3428 2417)
934 3355 964 3408 iu
993 3352 1093 3428 templo
1122 3353 1251 3410 diuorum
1276 3355 1306 3410 in
1328 3353 1397 3410 aede
1419 3355 1478 3410 diui

142 3457 207 3514 Titi.
253 3455 334 3531 quod
363 3456 389 3514 si
417 3463 505 3526 esset,
529 3453 657 3514 Severus
685 3463 714 3514 et
736 3454 907 3513 Antoninus
936 3464 1031 3512 totum
1062 3454 1165 3532 templi
1195 3454 1316 3513 schema
1344 3463 1477 3513 mutasse

143 3558 268 3635 putandi
292 3565 405 3616 essent:
433 3577 501 3614 nam
530 3557 636 3614 cellam
664 3577 743 3616 nunc
770 3576 890 3633 quoque
916 3557 1006 3614 habet
1034 3576 1122 3614 unam
1145 3575 1212 3614 cum
1234 3557 1300 3616 basi
1324 3558 1477 3616 simulacri

143 3662 243 3719 nnius.
288 3661 382 3718 nihilo
409 3660 509 3718 minus
536 3678 644 3718 nomen
671 3660 787 3736 plenius
816 3660 1001 3718 demonstrat
1027 3659 1080 3716 illa
1101 3667 1180 3718 certe
1202 3669 1299 3717 aetate
1321 3661 1476 3736 utriusque

141 3763 333 3838 imperatoris
360 3763 472 3821 cultum
500 3764 531 3820 in
564 3781 599 3819 ea
625 3762 699 3820 aede
726 3763 921 3820 exercitatum
949 3779 1027 3820 esse.
1044 3795 1082 3804 —
1103 3761 1170 3818 aedi
1198 3762 1285 3820 divae
1312 3761 1476 3822 Faustinae

140 3866 321 3940 inscriptum
347 3873 393 3924 est
416 3867 481 3922 alico
506 3865 650 3922 Antonino
673 3874 698 3922 et
714 3865 718 3942 l
736 3865 819 3922 oliuae
842 3865 1008 3922 Faustinae.
1053 3864 1140 3940 periti
1169 3863 1267 3922 sciunt
1295 3865 1474 3922 versiculum

143 3969 274 4046 primurn
301 3976 409 4044 postca
437 3967 570 4025 additum
598 3985 675 4026 esse.
721 3967 810 4024 aedes
837 3975 959 4043 putatur
985 3965 1122 4024 dedicata
1152 3983 1220 4025 esse
1242 3965 1405 4026 Faustinae
1427 3967 1477 4026 Pii

143 4078 339 4130 consecratae
362 4089 388 4126 a.
409 4070 476 4140 141,
499 4069 603 4128 eodem
626 4068 738 4144 templo
761 4069 851 4127 Pium
873 4069 986 4128 cultum
1009 4086 1075 4128 esse
1096 4078 1304 4127 consecratum
1326 4090 1353 4128 a.
1373 4069 1442 4128 161.

227 4170 376 4231 Consulto
392 4172 497 4230 omitto
520 4171 633 4248 templa
655 4189 731 4247 quae
746 4171 888 4249 Pompeis
905 4179 1009 4230 extant
1025 4171 1162 4230 Mercurii
1185 4181 1215 4231 et
1228 4173 1336 4246 Maiae,
1360 4173 1475 4234 Aescu.-

142 4275 216 4351 lapii
240 4281 270 4331 et
292 4273 427 4350 Hygiam
454 4292 582 4350 quorum
610 4274 829 4350 cognominatio
858 4275 1043 4351 argumentis
1066 4274 1234 4333 defenditur
1255 4275 1474 4337 incertissimis

142 4395 266 4452 possum
291 4377 552 4452 amonicipiorurn
569 4377 813 4454 coloniarumque
828 4386 992 4436 ceterarum
1016 4378 1109 4436 sacris
1133 4379 1271 4456 exempla
1293 4379 1354 4436 alia
1368 4379 1475 4438 afferre

143 4497 219 4554 quae
234 4478 407 4556 pertineant
421 4479 459 4536 ad
480 4479 564 4538 illam
586 4479 660 4537 iuris
675 4480 821 4557 pontificii
843 4481 978 4557 regulam
1001 4481 1219 4539 illustrandam.
1265 4480 1318 4538 sed
1333 4500 1370 4539 ne
1384 4482 1474 4541 nimis

143 4601 160 4638 a
183 4583 340 4657 proposito
363 4580 517 4640 deflectam
538 4581 617 4639 intra
639 4584 820 4642 urbanorum
843 4583 917 4642 fines
933 4603 980 4640 me
1002 4583 1170 4642 continebo.
1214 4583 1273 4640 iam
1296 4583 1423 4659 primum
1446 4593 1475 4642 et

142 4685 315 4760 pontificum
337 4702 484 4761 responso
508 4691 537 4742 et
558 4704 590 4741 re
612 4685 680 4760 ipsa
702 4686 776 4744 satis
793 4685 1016 4762 comprobatum
1036 4693 1082 4745 est
1105 4685 1211 4744 cellam
1227 4705 1326 4757 unam,
1349 4687 1405 4744 hoc
1428 4696 1475 4746 est

143 4787 273 4858 domum,
296 4806 357 4844 non
379 4804 471 4862 posse
493 4787 564 4846 deos
585 4787 697 4864 plures,
724 4789 781 4846 hoc
810 4797 854 4846 est
876 4789 982 4846 domus
1006 4789 1153 4858 dominos,
1177 4789 1341 4846 continere:
1368 4797 1399 4848 at
1420 4808 1472 4866 po-

143 4897 199 4948 test
222 4889 343 4947 domino
366 4889 589 4948 contubernalis
616 4889 739 4948 attribui
765 4891 888 4966 eiusque
910 4891 1021 4948 tutelae
1047 4889 1247 4949 commendari
1269 4891 1356 4966 quasi
1378 4892 1472 4951 cliens

141 5001 276 5068 patrono.
321 4991 352 5049 id
374 4991 455 5067 quod
478 5012 539 5050 non
561 5010 629 5050 raro
652 4991 771 5050 accidit:
801 4992 934 5050 velutin
957 4992 1179 5051 cellaIunonis
1201 4993 1232 5050 in
1253 4993 1326 5051 aede
1349 4992 1472 5073 Capito-

142 5094 203 5152 lina
228 5094 393 5152 Iuventatis
421 5095 557 5152 aedicula
584 5093 721 5152 dedicata
746 5093 810 5152 fuit.
853 5094 955 5171 plures
984 5095 1078 5153 cellae
1109 5100 1142 5150 ut
1168 5093 1252 5154 aedis
1279 5096 1367 5156 nnius
1394 5107 1471 5156 tecto

144 5197 464 5272 comprehenderentur
491 5197 554 5254 fieri
582 5215 642 5254 non
668 5195 763 5273 potuit
790 5195 848 5254 nisi
876 5196 964 5255 nnius
987 5216 1003 5254 e
1025 5195 1161 5272 pluribus
1184 5197 1230 5257 dei
1251 5200 1418 5276 patrocinio
1442 5207 1472 5257 ct
