3620 6050
332 594 403 665 180
674 613 679 622 ·
922 603 1071 664 unauna

328 787 471 845 universa
491 806 523 845 re
545 787 697 846 metallica
719 793 850 866 veterum
873 787 987 861 sunt¹)‚
1010 805 1099 862 quam
1122 787 1174 862 qui
1197 795 1266 844 sunt
1288 787 1323 844 de
1343 787 1528 845 Phoenicum
1548 785 1654 862 Hispa·

329 907 493 966 nonumque
515 885 688 964 metallini).

413 994 512 1068 Atque
534 993 662 1068 primum
683 992 752 1067 ipsa
774 991 880 1067 capitis
902 991 1057 1067 inscriptio
1077 991 1148 1067 quid
1171 993 1320 1069 significet
1334 992 1503 1050 videndum.
1548 988 1656 1049 Scau-

329 1095 449 1153 rarios
477 1103 602 1172 apparet
630 1113 682 1153 eos
711 1112 777 1153 esse
804 1095 854 1170 qui
884 1095 1019 1152 scaurias
1045 1103 1174 1153 tractant
1201 1096 1232 1153 in
1258 1096 1325 1170 ipso
1353 1095 1450 1171 capite
1477 1094 1547 1170 plus
1570 1093 1657 1151 semel

330 1199 500 1256 nominatas
524 1197 721 1272 similiterque
743 1197 794 1272 qui
817 1206 911 1254 testas
939 1203 1067 1254 tractant
1092 1197 1277 1257 testarios.
1323 1195 1430 1255 Omnis
1452 1197 1543 1273 igitur
1565 1195 1657 1271 expli-

331 1301 411 1358 catio
437 1301 506 1358 inde
532 1299 653 1377 pendet,
680 1299 750 1375 quid
778 1299 814 1356 de
840 1300 944 1356 harum
974 1318 1080 1357 vocum
1112 1299 1329 1376 significatione
1356 1307 1386 1357 et
1413 1316 1470 1357 usu
1502 1307 1657 1358 statuatur.

332 1401 420 1475 Quod
442 1413 474 1460 ut
495 1411 574 1461 recte
595 1403 648 1460 fiat
670 1401 759 1460 etiam
780 1401 898 1478 reliqua
916 1403 1005 1460 huius
1029 1401 1135 1477 capitis
1158 1402 1303 1472 vocabula
1324 1421 1403 1460 nova
1424 1421 1462 1460 ex
1483 1408 1569 1479 parte
1591 1401 1658 1476 quid

331 1505 498 1582 significent
519 1512 549 1563 et
570 1523 630 1581 quo
653 1504 741 1563 modo
765 1514 943 1580 usurpentur
965 1505 1180 1579 disputandum
1203 1514 1256 1562 est.
1333 1571 1337 1580 Ι

416 1606 590 1668 Scauriae
619 1607 758 1666 vocabuli
786 1607 883 1665 adhuc
911 1607 1052 1666 rusticam
1081 1615 1195 1666 tantum
1230 1607 1368 1666 novimus
1402 1608 1529 1666 formam
1557 1610 1659 1677 scoria,

332 1730 420 1787 quam
445 1717 640 1769 servaverunt
661 1711 779 1787 linguae
802 1710 971 1768 neolatinae
994 1709 1072 1767 Itala
1094 1709 1325 1785 Francogallica
1342 1709 1481 1788 Hispana
1500 1709 1660 1786 Portugal·

331 1814 404 1883 lica3
428 1811 554 1872 Graecis
578 1805 683 1894 anapia
710 1811 826 1871 dicitur.
869 1812 917 1869 Illi
945 1821 1044 1871 utrum
1073 1832 1088 1869 e
1110 1811 1219 1870 Latino
1247 1831 1385 1870 sermone
1412 1814 1598 1890 sumpserint
1623 1831 1660 1869 au

332 1916 470 1974 vocabuli
497 1915 646 1993 peregrini
674 1932 780 1974 sonum
810 1934 878 1972 eum
905 1934 960 1992 per
982 1938 1001 1971 ω
1031 1916 1247 1990 expresserint,
1273 1915 1325 1992 qui
1351 1914 1496 1974 Romanis
1524 1935 1563 1973 aa
1591 1921 1662 1987 erat,

330 2019 513 2095 ignoramus.
557 2016 746 2076 Vocabulum
768 2027 869 2093 potest
890 2036 961 2076 sane
976 2017 1133 2093 Hispanae
1149 2017 1273 2093 originis
1293 2036 1370 2076 esse.
1416 2015 1551 2077 Scoriam
1574 2017 1663 2094 igitur

330 2121 448 2180 Plinius
471 2129 599 2180 testatur
616 2119 777 2195 (XXXIII
793 2119 810 2196 ξ
827 2119 880 2195 69)
901 2139 965 2178 earn
981 2139 1054 2195 qaae
1069 2139 1083 2178 e
1099 2123 1208 2180 camino
1223 2124 1347 2179 iactatur
1360 2123 1529 2197 spurcitiam
1542 2123 1574 2178 in
1590 2122 1663 2178 omni

331 2224 445 2282 metalla
467 2227 589 2282 vocitari
610 2223 793 2298 eandemque
809 2243 847 2281 ex
863 2242 936 2280 auro
953 2231 1076 2301 argento
1100 2243 1168 2282 aere
1190 2222 1272 2301 gigni
1294 2222 1372 2280 idem
1388 2223 1455 2282 aliis
1477 2223 1552 2282 loeis
1577 2222 1662 2281 testis

331 2335 379 2385 est
401 2325 560 2403 (XXXIII
583 2324 654 2402 §69
674 2324 731 2384 105
747 2325 890 2383 XXXIV
916 2326 998 2402 107).
1043 2325 1127 2384 Haec
1154 2325 1290 2384 vocabuli
1319 2326 1496 2403 significatio
1524 2326 1550 2383 si
1577 2324 1663 2382 unica

332 2439 388 2503 est,
412 2448 500 2506 quam
517 2435 648 2487 statuere
670 2427 749 2498 licet,
772 2427 845 2503 quid
860 2445 936 2504 opus
960 2429 1179 2487 scaurariorum
1201 2428 1291 2486 fuerit
1305 2428 1424 2486 difficile
1440 2436 1487 2486 est
1502 2427 1663 2504 explicatu.

333 2531 502 2592 Videndum
524 2531 616 2608 igitur
649 2549 688 2588 an
714 2538 793 2588 recte
815 2530 1058 2590 Mommsenus
1088 2531 1279 2607 cogitandum
1302 2549 1369 2589 esse
1391 2530 1585 2608 proposuerit
1608 2548 1663 2586 non

333 2636 369 2693 de
397 2633 523 2693 scauriis
550 2652 626 2708 quae
653 2652 669 2689 e
697 2632 818 2691 metallo
841 2633 913 2690 olim
940 2641 1067 2710 purgato
1094 2634 1256 2711 gignuntur
1286 2634 1383 2692 denuo
1411 2633 1586 2710 purgandis,
1615 2632 1666 2689 sed

333 2739 369 2796 de
401 2736 527 2796 materia
558 2736 679 2810 lapidea
710 2735 779 2811 ipsa
812 2755 888 2811 quae
921 2756 959 2793 ex
992 2736 1090 2810 puteis
1124 2737 1315 2794 scrobibusve
1348 2735 1558 2806 effodiebatur3
1597 2753 1664 2793 nam

333 2841 371 2899 ad
403 2841 480 2897 hano
513 2857 630 2914 quoque
658 2838 806 2915 purgandi
836 2839 1026 2910 vocabulum,
1060 2839 1141 2915 quod
1168 2839 1245 2898 infra
1273 2838 1439 2896 videbimus
1467 2838 1504 2896 de
1537 2837 1665 2896 scauriis

334 2943 486 3020 usurpari,
508 2947 587 2998 recte
609 2940 753 3018 pervenit.

418 3045 552 3102 Testes
573 3063 633 3100 non
655 3061 729 3101 vasa
750 3043 920 3120 lateresque
943 3053 1056 3103 tantum
1081 3066 1096 3103 e
1119 3054 1199 3102 terra
1218 3053 1304 3102 cocta
1323 3062 1483 3119 eorumque
1504 3043 1667 3120 particulas

333 3149 456 3218 fractas,
479 3146 533 3204 sed
555 3146 644 3203 etiam
666 3145 799 3220 lapidum
821 3147 970 3222 fragmina
993 3148 1051 3205 dici
1074 3148 1110 3204 ab
1133 3145 1236 3204 eodem
1257 3147 1357 3205 Plinio
1380 3146 1535 3219 discimus,
1558 3146 1667 3222 quide

334 3251 397 3308 tofo
426 3267 551 3307 narrans
581 3247 741 3324 lapideque
768 3249 838 3306 albo
871 3250 902 3306 in
928 3249 1057 3308 Umbria
1084 3257 1114 3306 et
1141 3248 1269 3307 Venetia
1302 3250 1423 3307 dentata
1455 3267 1539 3307 serra
1573 3249 1668 3306 secari

335 3353 424 3412 solito
459 3351 532 3408 dicit
566 3350 697 3427 lapidem
732 3371 798 3409 eurn
835 3356 986 3427 asperpine
1023 3360 1048 3410 et
1082 3353 1148 3427 peta
1177 3354 1348 3427 pruinisque
1384 3354 1478 3426 rumpi
1515 3355 1547 3408 in
1582 3361 1668 3409 testas

335 3453 492 3531 (XXXVI
507 3453 524 3529 8
542 3451 625 3528 166).
669 3452 743 3510 Inde
759 3472 835 3530 opus
858 3455 1058 3524 testariorurm
1081 3455 1132 3528 qui
1155 3453 1223 3510 item
1246 3454 1375 3530 primum
1394 3453 1443 3510 hic
1464 3453 1668 3523 nominantur,

336 3575 439 3615 eorum
465 3555 559 3614 fuisse
583 3555 702 3630 colligo,
730 3549 781 3630 qui
807 3555 942 3632 lapidum
964 3555 1113 3632 fragmina
1134 3556 1213 3613 aeris
1242 3555 1311 3613 iude
1334 3555 1457 3613 eruendi
1479 3573 1573 3614 eausa
1595 3565 1669 3614 trac·

336 3668 408 3718 tant.
453 3656 530 3717 Cum
553 3676 579 3714 v.
598 3657 635 3714 56
651 3659 773 3732 flaturas
795 3661 954 3734 carpentarii
975 3659 1084 3716 aerarii
1105 3647 1220 3716 tantum
1238 3664 1448 3731 memorentur,
1474 3677 1535 3715 uon
1557 3657 1670 3716 aurarii

336 3763 500 3820 aliorumve
529 3760 742 3832 metallorum·
763 3779 801 3817 ex
828 3759 948 3817 metallo
973 3759 1163 3836 Vipascensi,
1196 3780 1236 3818 ex
1261 3779 1319 3836 quo
1352 3761 1439 3818 hodie
1469 3778 1521 3818 aes
1550 3767 1669 3834 tantum

336 3865 416 3942 gigni
440 3864 587 3934 audimus,
610 3880 662 3920 aes
684 3869 898 3938 argentumque
921 3861 988 3920 sola
1009 3863 1123 3922 effossa
1144 3881 1212 3922 esse
1233 3871 1466 3922 consentaneum
1488 3869 1543 3921 est.

415 4123 439 4184 1)
477 4125 564 4174 Veluti
578 4125 660 4175 Blasii
679 4125 877 4190 Oaryophili
895 4127 956 4176 Itali
975 4127 1007 4176 de
1028 4127 1138 4191 antiquis
1158 4127 1214 4176 suri
1233 4127 1332 4191 argenti
1351 4127 1418 4176 aeris
1436 4126 1500 4176 ferri
1519 4126 1671 4190 plumbique

336 4215 433 4264 fodinis
458 4218 609 4280 opuseulum
629 4206 812 4280 (vindobonae
832 4217 901 4268 1757
923 4219 973 4281 4.),
998 4219 1217 4269 Reitemeieri
1239 4217 1383 4268 Geaclaicltte
1403 4217 1447 4268 des
1465 4215 1600 4284 Berqbaas
1619 4215 1673 4266 and

337 4304 527 4358 Hilttenwesens
552 4307 591 4360 bei
614 4310 660 4359 den
686 4310 753 4360 alten
778 4307 887 4360 Villaern
912 4309 1062 4376 (Gottingae
1084 4310 1154 4361 1785
1175 4312 1224 4373 8.),
1249 4313 1272 4362 Ι.
1293 4318 1318 4360 et
1336 4313 1366 4361 L.
1388 4310 1543 4363 Sebatier
1560 4311 1671 4360 fratrum

333 4399 488 4467 productiora
507 4399 537 4450 de
557 4394 606 4451 l'or
625 4401 655 4452 de
675 4396 785 4469 t'arpeut
803 4409 827 4453 et
845 4402 880 4452 da
899 4403 983 4453 eaiara
1003 4401 1060 4454 elaea
1080 4403 1115 4453 les
1134 4405 1236 4453 enciens
1254 4411 1277 4454 et
1295 4402 1376 4454 totels
1392 4399 1540 4452 naae'tairee
1559 4401 1605 4452 das
1624 4418 1671 4452 em-

332 4494 407 4560 pireo
425 4495 523 4544 romain
542 4501 566 4544 et
585 4493 703 4560 byzantia
723 4496 885 4560 (Petroburgi
901 4497 972 4546 1850
988 4496 1033 4558 8.),
1054 4496 1145 4562 quibus
1165 4512 1225 4546 usus
1245 4503 1283 4546 est
1301 4497 1331 4546 M
1338 4496 1553 4561 arquardtius
1572 4495 1672 4545 enchir.

337 4587 411 4636 1112
430 4603 455 4651 p.
472 4587 523 4636 143
534 4603 555 4636 s.
581 4594 606 4636 et
629 4604 712 4654 nuper
734 4589 761 4638 in
787 4604 863 4653 opere
886 4605 954 4638 novo
977 4589 1038 4639 rim.
1059 4587 1305 4654 Staateaeraaaltuap
1324 4589 1352 4638 11
1371 4605 1396 4653 p.
1412 4572 1507 4638 252ss.
1546 4588 1673 4638 Omnium

338 4679 444 4728 minime
469 4685 494 4728 et
513 4681 588 4730 docte
607 4687 632 4729 et
657 4685 774 4730 accurate
794 4683 904 4746 scriptor
920 4683 1083 4747 nuperrimus
1103 4681 1190 4731 officio
1209 4681 1312 4732 iunctus
1331 4688 1370 4730 est
1389 4683 1422 4730 A.
1435 4681 1538 4745 Leger
1556 4681 1673 4730 Franco·

338 4772 420 4834 gallus
439 4772 467 4820 in
486 4773 553 4822 libro
573 4771 610 4822 les
629 4779 739 4823 tranans
752 4772 864 4840 publiea,
886 4773 922 4824 les
940 4775 1017 4823 mines
1036 4781 1059 4824 et
1079 4773 1106 4823 la
1124 4771 1282 4840 me'taliarpie
1295 4771 1339 4822 dea
1352 4772 1480 4834 Romaion,
1502 4772 1528 4822 la
1547 4771 1673 4822 tradition

338 4863 450 4912 ramaine
463 4858 570 4931 jasqa’ia
589 4881 634 4914 nou
648 4866 724 4933 jaare
743 4866 861 4927 (Parisiis
877 4866 946 4918 1875
969 4869 983 4916 8
1005 4868 1064 4916 mai.
1080 4882 1136 4916 eum
1157 4867 1250 4916 tabulis
1270 4865 1376 4928 multis),
1397 4879 1552 4931 quamquam
1570 4864 1603 4914 ab
1625 4865 1672 4913 ho-

339 4955 409 5004 mine
429 4956 472 5020 qui
491 4964 573 5006 artem
592 4959 718 5022 intellegit
737 4973 805 5008 nova
824 4960 927 5008 edoceri
949 4960 1004 5008 iure
1024 4959 1209 5023 expectaveris.

416 5043 442 5112 2)
480 5048 523 5098 De
541 5049 702 5100 Phoenicum
726 5051 838 5101 metallis
862 5066 1037 5116 quaecumque
1063 5051 1198 5100 traduntur
1221 5051 1369 5100 doctissime
1389 5057 1417 5099 ut
1438 5051 1504 5100 solet
1527 5051 1673 5114 composuit

339 5138 525 5190 Moversius
544 5140 586 5191 die
604 5141 741 5192 Piirrizier
759 5144 788 5193 II
809 5145 823 5192 3
845 5143 972 5208 (Berolini
988 5145 1058 5194 1856
1074 5140 1110 5207 8.)
1131 5160 1156 5208 p.
1171 5143 1204 5193 27
1216 5160 1264 5206 ss.;
1290 5143 1322 5192 de
1341 5144 1517 5208 Hispanorum
1535 5142 1674 5191 videantur

340 5230 452 5280 Bethii
476 5236 658 5284 commentatio
678 5235 711 5284 de
730 5236 851 5301 antiquae
870 5237 1012 5300 Hispaniae
1031 5236 1208 5285 rmetallica
1227 5235 1376 5300 (Gottingae
1397 5237 1467 5285 1808
1487 5236 1534 5296 4.),
1554 5234 1673 5285 Ukerti

343 5321 502 5390 Geoprapln'e
521 5323 566 5374 der
588 5324 711 5376 &echert
729 5325 782 5376 aad
799 5326 890 5377 Riruer
909 5328 937 5378 Π
954 5331 967 5376 1
989 5328 1228 5389 (Wimariae1821
1251 5327 1286 5390 8.)
1305 5345 1331 5393 p.
1346 5330 1398 5378 327
1410 5343 1452 5389 ss,
1472 5326 1673 5390 Roesingeri

341 5415 488 5465 dissertatio
506 5413 567 5466 tter
586 5415 633 5466 den
655 5416 732 5468 eota·
751 5417 804 5468 and
822 5416 1044 5470 Silberreiclatlrum
1063 5418 1107 5470 des
1126 5419 1193 5470 alten
1214 5417 1340 5487 Spaaiens
1359 5418 1513 5480 (Svidnitiae
1535 5417 1604 5468 1858
1627 5416 1674 5478 4.).
