3632 6040
367 593 413 664 62
960 613 1107 664 Joannn

449 783 476 842 2.
521 792 640 843 constat
673 786 819 844 sermonis
851 787 1065 863 proprietatem
1099 786 1256 844 admittere
1287 794 1348 844 tam
1379 787 1478 845 collem
1508 787 1691 858 Quirinalem,

365 905 495 963 campum
518 886 657 944 Martium
679 907 768 964 quarn
792 889 906 960 collata,
937 907 1067 965 campum
1092 888 1222 947 nomina.
1267 898 1298 947 at
1323 888 1421 946 ineis
1448 895 1528 947 certe
1551 907 1628 966 quae
1650 907 1694 946 su-

364 996 490 1066 persunt
521 990 558 1048 de
585 989 795 1066 hemerologiis
828 990 927 1068 lapide
961 990 1064 1049 incisis
1094 991 1281 1067 singulorum
1308 990 1438 1049 editores
1461 991 1598 1066 singulos
1619 991 1693 1049 vide-

365 1109 432 1149 mus
455 1091 514 1150 sibi
535 1099 670 1150 constare
691 1093 723 1150 in
745 1093 897 1152 alterutris
919 1092 1091 1151 nominibus
1111 1092 1305 1168 usurpandis:
1335 1093 1437 1170 itaque
1464 1093 1564 1170 campi
1591 1095 1692 1153 nometi

287 1184 289 1189 ’
365 1193 484 1270 plenius
507 1201 589 1252 extat
610 1195 641 1252 in
663 1195 772 1254 Praen.
794 1196 888 1254 Amit.
913 1193 1002 1267 Urb.,
1024 1195 1144 1254 brevius
1166 1195 1197 1253 in
1219 1195 1293 1254 Arv.
1316 1194 1402 1252 Allif.
1426 1195 1506 1268 Ost,
1529 1197 1616 1254 collis
1638 1196 1693 1272 ple·

365 1296 432 1353 nius
459 1296 491 1354 in
519 1296 599 1355 Vall.
623 1297 731 1370 Amit.,
758 1297 879 1355 brevius
906 1297 937 1356 in
963 1299 1036 1356 Arv.
1059 1297 1135 1356 Ven.
1158 1297 1268 1356 Praen.
1297 1295 1388 1356 Farn.
1415 1297 1488 1374 Esq.
1517 1316 1692 1374 quamquam

366 1417 427 1455 non
449 1415 586 1474 magnam
610 1399 804 1458 offensionem
826 1401 950 1458 haberet
972 1400 996 1458 si
1018 1399 1048 1456 in
1072 1399 1176 1457 eodem
1197 1399 1335 1476 exemplo
1358 1399 1447 1458 modo
1469 1401 1589 1475 plenius
1611 1400 1692 1459 modo

364 1500 488 1558 brevius
510 1501 710 1577 perscriptum
732 1509 858 1560 extaret.
903 1505 1042 1560 elrcorum
1063 1502 1186 1560 nomina
1207 1505 1324 1560 maximi
1345 1508 1375 1559 et
1392 1501 1536 1560 Flamiaii
1558 1522 1611 1560 cur
1631 1522 1692 1560 con-

366 1609 482 1660 stanter
503 1603 593 1680 plena
614 1604 782 1682 perscripta
804 1604 873 1677 sint,
897 1605 948 1662 ubi
970 1603 1081 1679 templa
1102 1604 1132 1661 in
1154 1609 1196 1662 eis
1218 1606 1282 1663 sive
1304 1605 1341 1662 ad
1365 1623 1416 1663 eos
1439 1605 1481 1680 (v.
1497 1626 1527 1664 n.
1545 1605 1578 1680 3)
1601 1606 1692 1680 posita

365 1713 645 1778 commemorantur,
671 1725 732 1764 non
760 1715 806 1764 est
833 1707 913 1783 quod
941 1724 1098 1782 exponam.
1142 1724 1216 1765 sane
1238 1707 1345 1764 mirum
1367 1717 1414 1764 est
1439 1707 1521 1783 quod
1544 1708 1575 1765 in
1596 1707 1691 1765 kalen-

365 1807 458 1865 dariis
482 1807 579 1882 (Maff.
603 1808 695 1866 Amit.
715 1809 787 1866 Ant.
810 1808 902 1884 Arv.)
924 1808 986 1866 ludi
1008 1808 1107 1886 plebei
1122 1807 1201 1868 Nov.
1221 1806 1258 1868 15
1271 1842 1311 1851 -
1326 1810 1362 1867 17
1386 1812 1418 1868 la
1439 1813 1515 1868 circo
1537 1809 1608 1868 facti
1630 1827 1691 1868 esse

366 1910 514 1981 dicuntur,
548 1929 614 1968 cum
649 1917 765 1969 constet
786 1910 890 1969 Valeri
913 1911 1039 1968 Maximi
1071 1911 1243 1969 testimonio
1273 1913 1299 1982 1,
1316 1911 1381 1984 7,4
1407 1929 1459 1970 eos
1491 1912 1523 1968 in
1550 1912 1690 1970 Flaminio

366 2011 462 2070 factos
486 2029 564 2070 esse.
609 2012 689 2088 quod
711 2013 829 2070 unicum
853 2031 888 2071 ea
911 2012 947 2069 de
969 2032 1001 2071 re
1023 2013 1228 2071 testimonium
1250 2033 1317 2071 cum
1341 2013 1380 2070 sit
1400 2012 1498 2072 debile
1522 2014 1563 2089 (v.
1582 2014 1691 2072 Becker

369 2113 438 2189 Fop.
463 2131 490 2188 p.
509 2113 593 2188 668),
617 2113 754 2172 deludis
777 2113 890 2189 plebeis
912 2115 943 2172 in
966 2114 1118 2172 Flaminio
1139 2115 1227 2173 factis
1249 2115 1426 2186 dubitarem,
1449 2117 1509 2173 nisi
1532 2115 1690 2174 aedificatio

365 2216 437 2274 circi
464 2233 530 2274 cum
558 2216 696 2274 ludorum
723 2217 918 2275 institutione·
934 2235 1005 2275 sane
1033 2218 1254 2294 quodammodo
1277 2217 1437 2276 coniuncta
1458 2235 1529 2277 esse
1551 2217 1690 2276 videretur

276 2293 281 2306 .
366 2317 548 2394 (Mommsen
570 2319 641 2376 hist.
664 2318 701 2376 R.
728 2317 772 2391 14,
797 2317 882 2394 822).

450 2421 478 2478 3.
523 2421 725 2496 quaerendum
742 2429 788 2479 est
806 2421 841 2478 de
864 2421 999 2480 formulis
1016 2425 1045 2480 in
1062 2425 1135 2481 circo
1152 2423 1311 2495 Flaminio,
1334 2423 1375 2479 ud
1396 2425 1503 2480 atroam
1519 2423 1552 2481 F
1551 2423 1688 2482 laminiana

366 2521 584 2597 similibusque.
628 2541 697 2580 nam
725 2543 761 2581 ne
788 2525 844 2580 hae
872 2524 992 2600 quidem
1019 2525 1238 2600 discrepantiae
1264 2543 1353 2582 caeco
1381 2543 1454 2582 casu
1480 2533 1623 2601 reguntur
1643 2530 1690 2580 aut

364 2624 476 2682 nullius
506 2633 576 2683 sunt
602 2625 640 2682 ad
669 2626 758 2684 situm
786 2625 920 2684 locorum
948 2626 1188 2704 cognoscendum
1215 2627 1365 2686 momenti.
1409 2627 1582 2686 memineris
1607 2626 1689 2704 igitur

364 2731 488 2784 nomina
520 2726 677 2804 regionum
703 2727 811 2800 XIIII,
844 2746 919 2804 quas
953 2736 1071 2786 constat
1102 2730 1186 2787 iussu
1217 2733 1289 2804 imp.
1317 2729 1444 2805 Augusti
1477 2747 1628 2806 operaque
1652 2727 1686 2785 M.

364 2830 519 2906 Agrippae
541 2829 636 2887 factas
659 2845 726 2888 esse
740 2863 778 2873 -
792 2849 850 2906 quo
873 2849 952 2888 anno
973 2830 1071 2890 factae
1093 2831 1155 2890 sint
1176 2849 1236 2890 non
1258 2839 1426 2890 constat—
1439 2844 1512 2909 post
1527 2832 1686 2891 Flauiorum

321 2909 326 2922 Δ
365 2941 492 2990 aetatem
520 2931 692 3008 regionibus
712 2933 861 3008 Augustis
883 2932 979 2990 indita
1000 2950 1065 2990 esse
1089 2932 1130 3008 (v.
1147 2933 1262 2992 Preller
1283 2935 1353 3010 Rep.
1376 2953 1405 3010 p.
1423 2933 1461 2992 69
1485 2943 1516 2992 et
1531 2934 1607 3012 Top.
1629 2949 1687 2990 mea

367 3033 394 3104 2,
413 3033 475 3109 78).
519 3033 615 3092 nihilo
638 3034 735 3093 minus
759 3035 874 3111 aliquot
889 3054 990 3094 earum
1014 3035 1138 3094 nomina
1153 3036 1369 3094 consuetudine
1393 3037 1542 3096 sermonis
1563 3037 1620 3094 iam
1642 3034 1685 3090 diu

362 3136 404 3193 ita
429 3135 616 3212 frequentata
642 3137 724 3195 fuere
751 3146 784 3195 ut
812 3137 843 3195 in
871 3138 1101 3196 sollemnitatem
1129 3138 1322 3197 formularum
1346 3139 1487 3198 abissent.
1533 3159 1572 3198 ex
1594 3155 1685 3197 earum

361 3257 486 3296 numero
508 3247 554 3298 est
576 3242 668 3298 clrcus
691 3239 862 3314 Flaminius,
885 3241 969 3299 cuius
996 3241 1124 3298 nominis
1147 3240 1297 3298 notionem
1320 3250 1439 3317 praeter
1460 3241 1628 3300 aedificium
1647 3257 1684 3296 re-

363 3341 481 3417 gionem
503 3341 601 3417 ipsam
624 3341 823 3417 viciniamque
845 3343 1105 3420 comprehendisse
1128 3350 1188 3401 tam
1212 3341 1367 3402 Ciceronis
1393 3363 1483 3419 quam
1506 3342 1685 3402 kalendario-

362 3461 428 3499 rum
451 3442 525 3500 Ven.
553 3444 646 3502 Amit.
672 3443 753 3502 Vall.
787 3445 958 3504 testimonia
990 3447 1195 3521 comprobant.
1239 3465 1335 3522 neque
1368 3446 1447 3504 euim
1479 3447 1631 3505 contiones
1660 3452 1685 3498 et

362 3544 520 3618 nundinae,
550 3564 626 3622 quas
653 3545 704 3605 ille
726 3549 757 3603 ia
780 3549 855 3605 circo
874 3547 1022 3605 Flamiaio
1044 3548 1163 3606 habitas
1186 3565 1253 3607 esse
1274 3547 1352 3606 dixit
1374 3547 1426 3624 (ad
1442 3548 1504 3606 Att.
1531 3549 1559 3622 1,
1582 3548 1626 3619 14,
1649 3543 1684 3618 1),

363 3645 394 3703 in
416 3646 484 3723 ipso
507 3649 642 3707 aedificio
665 3648 783 3706 habitas
806 3667 871 3708 esse
893 3649 1069 3708 crediderim
1091 3669 1187 3727 neque
1203 3669 1273 3708 vero
1296 3649 1448 3708 adsentior
1462 3649 1599 3710 Beckero
1614 3647 1683 3722 Tap.

362 3768 392 3825 p.
409 3748 470 3808 620
493 3749 639 3809 dubitanti
662 3771 700 3810 an
715 3751 861 3828 quaedam
883 3752 1005 3828 templa,
1029 3772 1106 3830 quae
1128 3754 1199 3811 item
1220 3756 1251 3810 ia
1271 3756 1345 3812 circo
1362 3753 1510 3811 Flumt‘m'o
1531 3754 1625 3812 fuisse
1646 3748 1683 3806 di-

363 3860 480 3923 cuntur,
503 3853 613 3912 sacella
634 3853 745 3912 fuerint
766 3853 863 3930 ipsius
886 3854 1030 3913 aedificiis
1052 3855 1177 3914 inclusa.
1222 3863 1347 3933 apparet
1369 3857 1447 3914 enim
1469 3856 1501 3912 in
1524 3854 1683 3932 promiscuo

362 3953 457 4012 fuisse
478 3954 644 4015 locutiones
666 3956 735 4014 illas
763 3957 804 4014 acl
831 3957 894 4014 sive
920 3958 1001 4032 apud
1022 3961 1128 4016 atreum
1149 3966 1179 4016 et
1199 3961 1230 4016 ln
1252 3962 1336 4030 arco,
1364 3962 1407 4015 ita
1431 3967 1464 4016 ut
1486 3958 1538 4034 qui
1559 3957 1609 4015 illa
1629 3961 1683 4012 ute·

362 4064 464 4114 rentur
490 4058 562 4116 circi
589 4057 774 4128 aedilicium,
801 4059 852 4134 qui
875 4059 931 4117 hac
952 4060 1103 4136 regionem
1126 4059 1340 4136 intellegerent.
1385 4061 1429 4118 sic
1457 4062 1499 4118 ud
1525 4065 1626 4118 cereum
1649 4054 1681 4111 F.

361 4157 445 4217 Iovis
474 4160 594 4217 statoris
621 4160 807 4236 Iunoniaque
837 4162 958 4237 reginae
984 4163 1129 4238 templum
1156 4163 1288 4237 positum
1316 4162 1389 4220 dicit
1414 4163 1475 4220 kal.
1503 4161 1590 4234 Urb.,
1612 4159 1682 4216 idem

282 4334 285 4343 ἱ
361 4263 392 4316 ia
414 4263 487 4318 carco
508 4260 545 4318 F.
569 4261 668 4319 Varro
692 4263 772 4338 apud
794 4263 885 4321 Macr.
910 4261 971 4322 Sat.
989 4266 1018 4336 3,
1034 4267 1064 4335 4,
1081 4263 1114 4335 2;
1136 4265 1207 4322 item
1230 4265 1311 4339 apud
1330 4267 1437 4322 circum
1457 4265 1491 4323 F.
1516 4265 1618 4322 Martis
1639 4277 1681 4317 ae·

363 4360 429 4418 dem
452 4362 580 4435 Plinius,
603 4367 633 4420 in
656 4365 730 4422 circo
751 4365 828 4423 idem
852 4363 1009 4424 Cornelius
1032 4365 1137 4442 Nepos
1161 4365 1204 4440 (v.
1227 4365 1346 4424 Becker
1366 4385 1395 4442 p.
1414 4366 1489 4443 619)
1513 4373 1542 4425 et
1562 4366 1681 4422 fortasse

362 4462 441 4521 idem
458 4465 643 4523 kalendaria.
687 4467 725 4524 ad
740 4467 845 4525 horum
861 4468 1039 4543 templorum
1054 4469 1228 4526 memoriam
1243 4468 1303 4526 alio
1319 4476 1453 4544 tempore
1468 4468 1595 4526 redeam.
1635 4460 1682 4522 sed

362 4573 434 4622 nota
454 4585 560 4626 rursus
589 4576 726 4627 constare
748 4569 807 4628 sibi
833 4570 864 4627 in
891 4586 947 4627 usu
969 4569 1163 4628 formularum
1185 4570 1360 4629 kalendaria
1381 4571 1424 4628 ita
1445 4579 1479 4629 ut
1499 4571 1590 4629 Amit.
1612 4565 1678 4624 Van.

362 4667 442 4726 Vall.
470 4669 603 4743 alteram,
632 4671 757 4729 alteram
785 4672 884 4730 solum
909 4671 984 4730 Urb.
1011 4673 1229 4748 usurpaverint.
1273 4692 1335 4732 non
1361 4673 1470 4731 mirum
1495 4672 1584 4749 igitur
1608 4664 1680 4746 quod

361 4769 439 4828 idem
462 4771 569 4830 accidit
590 4773 622 4831 in
644 4777 717 4832 elrco
733 4777 863 4832 marimo.
908 4775 1078 4832 memineris
1100 4776 1132 4833 in
1153 4776 1221 4850 Ipso
1244 4775 1379 4834 aedificio
1394 4779 1466 4834 circi
1487 4777 1557 4835 bina
1578 4767 1679 4831 sacella

363 4873 511 4946 extitisse,
538 4893 621 4933 aram
645 4872 738 4934 Consi
765 4875 803 4932 ad
829 4881 924 4934 metas
949 4876 1061 4952 primas
1089 4877 1323 4951 subterraneam,
1348 4878 1407 4936 hoc
1433 4885 1480 4937 est
1509 4878 1539 4936 in
1561 4869 1679 4951 planicie

361 4975 491 5033 harenae
513 4977 551 5034 ad
573 4986 663 5054 caput
685 4977 799 5053 spinae,
815 4978 1000 5053 Venerisque
1014 4978 1148 5037 Murciae
1169 4979 1318 5038 inclusum
1341 4981 1518 5056 spectaculis
1540 4971 1678 5049 incapite

363 5077 438 5134 circi
456 5097 474 5135 a
495 5085 579 5154 parte
601 5080 743 5137 Aventini
765 5079 863 5152 factis,
892 5099 951 5156 qua
976 5081 1012 5138 de
1038 5102 1070 5140 re
1092 5082 1256 5158 anaglyphi
1278 5082 1481 5158 Fulginiensis
1507 5089 1536 5139 et
1557 5089 1677 5137 nummo·

362 5199 427 5236 rum
449 5179 607 5239 luculentis
630 5181 811 5241 testimoniis
839 5183 971 5241 decisum
994 5201 1060 5242 esse
1088 5184 1205 5243 ostendi
1227 5184 1258 5241 in
1280 5184 1411 5242 editione
1431 5184 1543 5242 formae
1565 5177 1677 5253 Capito·

361 5279 440 5338 linae
467 5301 496 5358 p.
517 5280 566 5340 20.
612 5291 710 5341 cetera
731 5282 841 5361 templa
862 5285 925 5344 stve
948 5285 1059 5344 sacella
1080 5285 1110 5342 in
1138 5285 1248 5344 vicinia
1270 5285 1340 5344 circi
1368 5289 1469 5360 posita
1495 5283 1585 5342 fuisse
1611 5271 1675 5336 sads
