3596 6040
345 575 416 644 160
568 590 750 643 uouussu
777 591 908 642 suusr.
928 590 1032 642 cous,
1052 590 1157 642 sucu.
1177 592 1227 641 rm
1246 589 1448 642 sumemus.

343 673 1667 705 ..-...----—--—---1--——-—-.-———-.—-

340 769 411 826 item
427 766 464 823 sd
481 771 602 824 senatus
618 763 786 823 consultum
802 764 946 840 pervenit.
991 762 1114 822 Nullam
1130 765 1208 823 enim
1228 781 1349 823 causam
1369 781 1445 837 esse,
1469 783 1522 822 cur
1537 765 1670 822 Marcum

341 867 503 928 Caesarem
525 887 561 926 eo
584 874 716 944 tempore
746 865 903 925 scribendo
931 874 1052 924 senatus
1075 865 1211 924 consulto
1234 866 1340 925 adesse
1361 867 1494 943 potuisse
1517 884 1670 943 negemus,

341 989 431 1048 supra
452 971 512 1028 iam
535 968 675 1028 diximus.

425 1073 536 1149 Corpus
564 1073 642 1147 quod
666 1071 831 1147 appellatur
856 1089 935 1140 neon,
962 1071 993 1128 id
1019 1082 1065 1128 est
1091 1071 1199 1148 opinor
1224 1061 1288 1128 νέων
1317 1071 1380 1130 sive
1408 1071 1555 1143 iuvenum,
1582 1073 1672 1147 quale

338 1175 430 1233 fuerit
451 1185 480 1233 et
502 1193 571 1232 num
594 1173 689 1250 possit
712 1174 852 1250 componi
874 1192 940 1230 cum
962 1173 1101 1230 iuvenum
1115 1173 1376 1249 corporationibus
1399 1173 1430 1231 in
1444 1174 1534 1232 Italis
1555 1175 1671 1248 passim

338 1277 478 1348 inventis,
500 1275 620 1334 videant
641 1293 768 1350 quorum
789 1275 928 1346 interest3
952 1293 1006 1352 ego
1030 1294 1121 1332 unum
1144 1275 1220 1332 addo
1236 1274 1395 1332 Perrotum
1418 1276 1577 1352 scripsisse
1592 1273 1671 1350 rre[c-

342 1378 441 1453 σον]οη
463 1387 567 1437 contro
589 1377 728 1454 lapidem,
751 1396 817 1435 cum
838 1379 893 1434 v.3
917 1378 1032 1454 integer
1054 1377 1188 1452 supersit
1209 1377 1330 1452 eiusque
1352 1377 1449 1454 prima
1470 1379 1570 1436 littera
1592 1396 1671 1453 quae

340 1489 386 1540 est
408 1497 430 1538 0
452 1487 589 1538 cernatur
616 1481 671 1537 sub
697 1480 795 1556 prima
821 1497 926 1536 versus
957 1479 1077 1537 secundi
1104 1497 1180 1555 quae
1207 1489 1252 1538 cst
1274 1498 1363 1552 Q-
1378 1479 1504 1536 Maioris
1526 1481 1672 1538 momenti

340 1589 396 1652 est,
419 1583 499 1658 quod
521 1601 560 1639 ex
582 1583 639 1639 hoc
662 1581 780 1639 decreto
804 1581 841 1638 de
862 1581 925 1638 iure
953 1579 1079 1639 coeundi
1101 1581 1132 1638 in
1153 1582 1249 1639 Asiae
1272 1583 1343 1640 urbe
1365 1582 1519 1658 alteroque
1546 1582 1582 1640 de
1605 1583 1671 1639 iure

338 1684 538 1742 nundinarum
554 1683 698 1741 Africano
720 1683 779 1740 iam
802 1690 884 1740 certo
907 1683 1057 1760 colligitur
1072 1683 1218 1742 eiusmodi
1241 1684 1449 1742 auctoritatem
1470 1691 1501 1741 ut
1522 1684 1553 1741 in
1569 1683 1672 1754 Italia,

338 1787 380 1843 ita
401 1785 431 1843 in
454 1785 616 1860 provinciis
638 1784 742 1861 populi
757 1785 887 1842 Romani
906 1786 961 1843 sub
983 1785 1216 1861 imperatoribus
1232 1805 1250 1842 a
1265 1793 1371 1843 senatu
1386 1783 1543 1860 petendum
1565 1785 1671 1843 fuisse.

340 1886 415 1945 Dixi
437 1887 474 1944 dc
496 1906 532 1944 ea
553 1907 585 1944 re
607 1887 637 1944 in
659 1887 733 1944 iuris
756 1886 864 1963 publici
888 1886 947 1943 rol.
965 1885 982 1943 2
1001 1907 1028 1963 p.
1047 1884 1117 1958 827,
1139 1905 1198 1962 quo
1222 1887 1333 1945 sufficit
1354 1888 1481 1946 lectores
1505 1887 1671 1944 remisisse.

1371 1988 1429 2047 Tu.
1453 1990 1627 2048 Mouusru.
