3632 6040
498 2173 500 2176 ·
583 2127 1041 2239 ADDITAMENTA

446 2378 522 2458 ao
554 2377 814 2461 ooaroms
845 2378 1103 2461 voavnan
1131 2379 1178 2460 n.

143 2707 226 2832 Dc
250 2773 341 2831 variis
364 2775 511 2849 exemplis
535 2774 668 2850 syllogae
697 2774 850 2833 titulorum
874 2775 1077 2852 Hispanorum
1102 2784 1251 2846 vetustae,
1279 2793 1369 2850 quam
1393 2776 1478 2834 Anti-

144 2877 196 2951 qui
225 2877 289 2934 dixi
317 2876 461 2950 cuiusque
483 2897 577 2953 nuper
604 2877 662 2934 duo
688 2877 718 2934 in
741 2877 835 2934 lucem
864 2886 1015 2953 protracta
1037 2885 1116 2947 sunt,
1139 2895 1231 2952 supra
1258 2876 1478 2953 Oldenbergius

143 2979 220 3055 egit3
254 2996 313 3034 non
340 2979 446 3036 inutile
473 2979 551 3036 enim
581 2979 677 3036 visum
705 2989 761 3050 est,
789 2997 865 3054 quae
893 3000 930 3036 ex
957 2980 1025 3054 ipso
1048 2979 1198 3037 volumine
1221 2979 1341 3037 difficile
1363 2989 1476 3038 tantum

143 3081 260 3138 erueris
291 3081 378 3138 initia
409 3081 496 3156 quasi
528 3081 663 3156 syllegae
693 3081 845 3158 Hispanae
873 3081 1083 3158 epigraphicae
1111 3082 1209 3140 denuo
1236 3083 1405 3138 accuratius
1433 3083 1477 3139 in-

143 3183 292 3254 lustrare,
315 3183 452 3258 quamvis
475 3183 514 3240 ad
537 3183 640 3240 titulos
663 3183 748 3258 ipsos
772 3184 818 3241 rel
840 3184 991 3260 augendos
1014 3184 1061 3241 vel
1084 3185 1191 3242 melius
1213 3183 1356 3261 legendos
1383 3184 1476 3258 frugis

143 3285 213 3342 inde
241 3305 337 3362 paene
369 3285 443 3343 nihil
466 3292 609 3362 appareat
630 3285 806 3343 redundare.
851 3285 936 3359 Quae
958 3306 996 3344 cx
1019 3286 1136 3363 sylloge
1158 3285 1375 3344 Filonardiana
1400 3305 1478 3343 nova

143 3396 335 3445 accesserunt
360 3386 491 3445 frustula
518 3387 662 3462 quaedam
690 3407 749 3446 non
779 3407 901 3464 prorsus
928 3389 1031 3446 inania
1058 3389 1219 3446 inserenda
1239 3387 1341 3447 curavi
1364 3389 1477 3446 addita·

143 3489 252 3548 mentis
280 3489 377 3561 hisce3
407 3507 463 3564 ego
490 3489 567 3546 enim
595 3508 671 3566 quae
697 3509 794 3548 novae
822 3509 874 3564 per
900 3492 955 3548 hos
983 3509 1078 3548 annos
1107 3491 1144 3548 ab
1173 3490 1275 3548 amicis
1300 3490 1476 3566 pleramque

144 3611 260 3649 mecum
288 3592 525 3648 communicatae
552 3601 623 3650 sunt
648 3579 861 3669 inscriptiones
885 3592 1038 3670 Hispanae
1070 3592 1326 3651 memorabiliores
1352 3610 1476 3650 numero

144 3695 213 3769 plus
237 3695 336 3752 minus
358 3694 584 3770 quinquaginta,
608 3712 660 3752 eas
683 3694 815 3754 locorum
839 3695 943 3753 ordine
965 3695 1128 3772 dispositas
1150 3694 1229 3752 infra
1250 3695 1423 3752 recensebo.

142 3983 159 4040 1
184 3984 254 4059 (ins.
278 3991 348 4060 post
368 3982 498 4059 11995).
543 3983 672 4042 Parmae
701 3984 733 4042 in
759 3984 939 4043 bibliotheca
964 3984 1047 4061 regia
1069 3984 1258 4044 Bormannus
1284 3984 1315 4041 in
1337 3983 1475 4060 exemplo

186 4087 431 4162 epigrammatum
464 4085 547 4144 urbis
579 4086 693 4146 Romae
721 4087 918 4145 aMazochio
945 4088 1148 4164 inpressorum
1177 4087 1220 4163 (n.
1237 4085 1368 4162 99703),
1395 4086 1477 4162 quod

186 4188 257 4245 olim
281 4187 437 4246 Paciaudii
460 4197 533 4260 erat,
555 4196 674 4264 praeter
694 4189 820 4266 Antiqui
844 4191 981 4268 syllogen
1003 4190 1177 4249 fasciculum
1200 4190 1314 4248 invenit
1335 4189 1475 4248 loliorum

184 4298 328 4364 quattuor
348 4290 392 4348 ita
412 4291 590 4368 inscriptum
611 4286 734 4350 ‘trooute
755 4296 785 4350 in
807 4291 991 4369 Portopall0‚
1018 4295 1066 4352 acl
1094 4292 1173 4350 1768
1199 4293 1332 4350 mandata
1349 4310 1405 4368 per
1430 4310 1475 4348 or-

186 4393 250 4450 dine
277 4393 323 4449 del
345 4392 407 4468 Sip.
435 4391 484 4450 Co.
509 4393 541 4449 d’
571 4391 660 4468 Oejra
682 4395 713 4452 al
735 4394 770 4452 P.
793 4390 958 4454 Paciaudi'.
1009 4393 1118 4454 Comes
1145 4395 1196 4452 ille
1220 4394 1252 4452 οῖ’
1282 4393 1392 4468 Ocyras
1420 4393 1476 4469 (ita

186 4495 263 4551 enim
288 4513 395 4552 nomen
418 4495 483 4553 eius
507 4495 661 4571 scribitur)
684 4497 710 4554 is
734 4507 789 4570 est,
811 4500 862 4574 qui
885 4497 954 4556 inde
977 4498 1014 4555 ab
1037 4516 1064 4554 a.
1083 4497 1163 4555 1770
1185 4497 1318 4555 marchio
1340 4497 1375 4554 dc
1392 4497 1475 4553 Pom-

186 4597 350 4654 haliaetus
373 4597 504 4654 nominis
525 4597 571 4655 sui
591 4599 765 4656 memoriam
787 4600 909 4676 reliquit
928 4601 959 4658 in
980 4599 1077 4676 patria
1092 4607 1121 4656 et
1136 4608 1223 4656 extra
1241 4599 1315 4655 fines
1332 4598 1395 4655 eius
1416 4599 1475 4656 cla·

185 4717 259 4756 ram.
295 4699 390 4757 Tituli
406 4698 562 4757 duodecim
580 4719 646 4758 cum
662 4719 734 4758 cura
755 4701 864 4778 depicti
886 4703 948 4760 noti
972 4711 1042 4761 sunt
1063 4719 1166 4759 omnes
1191 4718 1250 4757 uno
1273 4709 1396 4775 excepto
1420 4700 1475 4756 boc

626 4907 679 4963 oy
697 4907 781 4950 1VL10
797 4915 811 4947 c
828 4909 880 4964 Qu
896 4911 912 4951 F
935 4910 992 4954 Gau

732 5011 885 5055 SALV1ANO

227 5182 321 5240 Tituli
351 5183 473 5258 reliqui,
501 5184 551 5258 qui
580 5195 649 5242 sunt
675 5205 703 5242 n.
723 5185 780 5242 178
811 5186 869 5244 180
901 5186 959 5243 190
989 5185 1045 5243 199
1077 5187 1134 5243 194
1164 5186 1222 5244 195
1249 5186 1306 5244 198
1331 5189 1389 5248 199
1413 5187 1472 5247 997

148 5282 209 5340 940
231 5283 302 5356 945,
324 5285 465 5361 descripti
487 5295 558 5344 sunt
580 5295 715 5345 accurate
738 5303 851 5346 omnes.
