3620 6050
432 622 593 676 srcuoeu
620 620 907 676 mscamrrouvu
937 621 1022 674 som
1052 621 1206 674 nouam.
1405 601 1477 674 261

153 800 279 860 notooolc
301 799 350 858 oba
371 799 422 876 oid
442 800 518 857 oltra
538 799 612 857 volte
633 802 663 855 in
688 806 790 874 questo
811 798 983 874 proscintitd
1012 800 1039 854 si
1065 798 1233 854 cincinnoro
1259 799 1404 855 iscrizioni
1430 799 1482 854 int-

150 903 259 981 perialt
281 901 358 977 doqli
380 899 505 976 Anqusti
527 903 558 958 di
579 903 645 976 quot
666 905 749 976 tempi
771 919 785 958 o
805 903 852 958 nei
873 903 959 958 nuooi
980 902 1060 958 rocci
1081 901 1142 958 osci
1164 899 1226 957 olla
1250 899 1310 958 ioco
1331 917 1390 957 nnc
1412 909 1483 958 tosto

155 1009 185 1064 di
211 1005 352 1064 Costonzo
368 1003 450 1078 fipiio
474 1005 506 1060 di
528 1002 709 1062 Constantino
736 1005 851 1061 insieme
872 1020 925 1060 oon
950 999 997 1060 un’
1018 1005 1166 1061 iscrizione
1192 1003 1370 1060 dedicatoria
1392 1002 1423 1058 di
1444 1021 1484 1062 un
1565 1075 1568 1082 ι

153 1107 274 1184 qualche
300 1115 473 1163 monumento
498 1124 517 1162 n
535 1105 735 1164 Valentiniano
762 1104 816 1162 Pto
839 1123 894 1179 per
917 1111 1003 1179 porte
1029 1104 1061 1161 di
1086 1103 1195 1162 Flavio
1222 1103 1377 1163 Gratiano.
1420 1103 1483 1162 dixi

153 1210 192 1266 ad
215 1207 291 1285 Syll.
315 1227 343 1265 n.
361 1207 399 1266 55
428 1207 505 1264 hunc
532 1224 597 1264 esse
624 1205 741 1264 titulum
770 1225 830 1264 non
850 1205 1064 1265 Valentiniano
1091 1207 1144 1264 sed
1168 1205 1355 1265 Maximiano
1382 1205 1439 1264 Pio
1466 1225 1485 1264 a

151 1310 305 1369 Turranio
340 1306 487 1367 Gratiano
521 1327 548 1366 a.
578 1307 638 1366 290
672 1308 839 1366 dedicatum
872 1327 926 1367 nec
957 1315 1106 1386 repertum
1140 1309 1227 1366 iuxta
1259 1309 1349 1368 bases
1382 1327 1484 1366 verum

151 1433 177 1471 a.
205 1411 285 1471 1872
309 1418 424 1487 partem
454 1410 518 1468 eius
547 1419 615 1469 ante
644 1411 747 1468 aedem
770 1408 917 1484 Castoris,
951 1411 1073 1468 alteram
1103 1411 1133 1468 in
1164 1411 1288 1469 basilica
1309 1410 1389 1469 Iulia
1418 1419 1486 1470 ante

149 1533 177 1573 a.
204 1513 295 1586 1870,
329 1520 363 1570 ut
390 1513 516 1584 videtur,
545 1512 621 1570 unde
650 1521 775 1589 apparet
805 1531 930 1588 prorsus
964 1513 1108 1571 incertum
1138 1531 1205 1571 esse
1238 1530 1297 1588 quo
1328 1513 1484 1590 pertineat.

150 1627 244 1692 caput
273 1615 349 1674 illud
371 1615 451 1691 quod
473 1611 645 1673 Constantii
668 1633 733 1674 esse
756 1615 852 1674 visum
874 1623 922 1674 est
944 1633 1003 1692 quo
1026 1615 1195 1692 pervenerit
1216 1615 1335 1674 nescio:
1357 1615 1487 1675 fortasse

149 1719 208 1776 fuit
240 1717 319 1776 inter
352 1726 518 1776 statuarum
543 1717 748 1794 Augustarum
778 1717 940 1775 multarum
973 1718 1117 1794 reliquias
1149 1718 1181 1776 in
1212 1717 1328 1776 horreis
1354 1717 1487 1776 Palatini

149 1819 263 1878 montis
293 1837 388 1896 nuper
415 1818 575 1895 congestis,
604 1818 672 1876 dein
702 1820 728 1876 si
755 1817 853 1876 famae
883 1819 1062 1878 credendum
1093 1821 1133 1877 sit
1158 1819 1274 1879 Romae
1306 1831 1486 1898 pervagatae

150 1923 300 1980 aliorsum
323 1921 441 1979 ablatis.
490 1939 566 1996 quas
589 1927 687 1978 autem
709 1921 921 1997 inscriptiones
942 1918 1174 1998 ‘Augustorum’
1197 1921 1268 1980 olim
1289 1921 1376 1980 iuxta
1396 1923 1486 1980 bases

149 2034 287 2100 repertas
312 2023 422 2082 dixerit
441 2023 560 2099 ignoro:
583 2015 716 2081 nostram
740 2023 877 2100 syllogen
897 2024 949 2100 qui
969 2025 1197 2100 perlustraverit
1218 2024 1350 2082 inveniet
1371 2024 1487 2100 aliquot

149 2126 332 2186 honorarios
354 2127 567 2202 imperatorum
591 2125 695 2182 titulos
718 2125 798 2183 Fene
825 2134 958 2201 tempore
986 2144 1080 2202 prope
1101 2127 1190 2184 bases
1217 2126 1305 2184 binas
1332 2125 1486 2184 columnae

150 2229 256 2288 Focae
278 2227 393 2286 vicinas
422 2235 558 2303 repertos
581 2244 649 2285 esse
675 2246 771 2303 neque
798 2227 956 2304 quicquam
984 2229 1084 2287 obstat
1110 2246 1169 2304 quo
1196 2228 1406 2301 minuendae,
1434 2229 1485 2305 qui

149 2333 180 2390 in
204 2330 333 2389 basilica
355 2331 494 2406 proxima
515 2337 567 2387 aut
588 2331 619 2386 in
642 2329 868 2405 septentrionali
891 2331 984 2388 latere
1005 2331 1062 2388 fori
1084 2331 1234 2403 iacebant,
1261 2350 1279 2388 a
1299 2331 1423 2389 basibus
1451 2350 1487 2388 eo

151 2433 270 2490 delatos
295 2432 487 2490 arbitremur:
515 2440 547 2489 at
567 2431 651 2489 nullo
673 2431 747 2489 mihi
769 2439 848 2489 certe
871 2440 1046 2508 argumento
1069 2439 1188 2490 constat
1209 2452 1300 2491 unum
1323 2433 1488 2491 alterumve

151 2555 255 2594 eorum
276 2535 413 2592 avulsum
437 2551 505 2592 esse
527 2553 545 2590 a
567 2533 690 2592 basibus
712 2533 865 2592 latericiis.
883 2565 922 2576 -
938 2533 1027 2609 longe
1042 2535 1149 2593 melius
1173 2536 1210 2593 de
1233 2535 1378 2594 solvenda
1398 2555 1487 2612 quae-

152 2638 253 2695 stione
269 2636 323 2694 illa
338 2655 415 2710 quae
430 2635 502 2694 facit
516 2635 554 2692 ad
569 2635 810 2712 cognoscendum
828 2644 966 2693 ornatum
988 2636 1047 2693 fori
1067 2637 1155 2694 tertis
1177 2637 1295 2695 saeculo
1317 2639 1487 2696 restitutum

149 2739 308 2798 architecti
335 2737 432 2796 meriti
459 2746 568 2808 assent,
597 2737 623 2796 si
653 2744 697 2795 tot
723 2737 927 2796 columnarum
952 2738 1120 2815 fragmenta
1140 2739 1218 2796 inter
1239 2739 1348 2798 rudera
1369 2750 1489 2818 reperta

149 2848 294 2900 accurata
316 2840 444 2898 dimensi
466 2839 689 2916 quaesivissent
711 2859 858 2916 quaenam
885 2851 966 2898 certa
991 2841 1109 2899 ratione
1131 2842 1255 2901 basibus
1277 2842 1339 2900 illis
1363 2851 1415 2901 aut
1436 2844 1489 2902 ab·

148 2941 330 3002 iudicandae
352 2951 404 3001 aut
425 2942 631 3000 attribuendae
645 2941 817 3000 viderentur
839 2960 920 3002 esse:
943 2961 1003 3019 qua
1024 2951 1122 3002 tamen
1146 2963 1164 3001 a
1186 2963 1258 3002 cura
1279 2951 1308 3002 et
1321 2943 1406 3004 Rosa
1421 2963 1488 3003 cum

149 3046 216 3105 suis
240 3053 269 3104 et
291 3045 339 3102 cui
361 3045 457 3120 copiis
485 3044 548 3102 eius
575 3045 618 3102 uti
640 3062 815 3103 concessum
842 3045 900 3103 fuit
921 3045 1078 3104 Dutertius
1099 3046 1205 3122 procul
1232 3046 1362 3105 abfuere.
1406 3055 1484 3106 certe

148 3148 228 3206 nihil
250 3149 287 3206 de
308 3147 356 3205 his
383 3147 474 3205 rebus
496 3147 528 3204 in
556 3146 714 3204 Relatione
736 3166 869 3219 romana,
890 3148 966 3206 nihil
987 3149 1018 3206 in
1039 3147 1120 3206 Foro
1142 3149 1298 3207 architecti
1319 3149 1418 3225 gallici
1439 3151 1485 3208 in-

148 3251 271 3310 venias:
299 3251 330 3309 in
353 3249 438 3308 Actis
466 3267 555 3306 manu
583 3249 703 3325 scriptis
725 3257 844 3325 praeter
865 3250 947 3308 illam
971 3250 1007 3308 de
1028 3251 1168 3309 columna
1190 3251 1371 3326 opinionem,
1394 3271 1484 3328 quam

148 3361 225 3432 puto
249 3371 296 3412 me
319 3369 411 3429 supra
432 3351 639 3424 labefactasse,
661 3351 767 3409 iterum
795 3352 831 3409 de
861 3353 1009 3412 columnis
1037 3371 1134 3430 neque
1159 3354 1346 3430 probabilius
1373 3354 1484 3412 dictum

149 3457 180 3516 d.
207 3456 246 3514 30
268 3453 356 3512 Mart.
380 3472 407 3511 a.
427 3452 523 3512 1874:
547 3457 574 3512 si
595 3455 609 3509 ὲ
630 3463 759 3530 cooperto
782 3473 840 3512 ono
860 3457 972 3530 orando
994 3457 1061 3513 boso
1081 3459 1170 3515 attico
1192 3460 1223 3513 in
1244 3475 1352 3514 marato
1375 3475 1485 3534 oppor-

149 3568 259 3618 tenonte
287 3557 345 3615 olla
370 3565 433 3614 noia
454 3557 569 3614 colonno
591 3560 723 3614 oneraria
745 3556 830 3632 iunco
853 3558 883 3614 lo
903 3560 953 3614 oio
978 3577 1064 3616 sacro
1086 3558 1147 3616 olto
1171 3559 1200 3630 0,
1215 3560 1253 3616 45
1273 3577 1327 3634 per
1354 3559 1434 3632 0,95
1454 3561 1485 3618 di

150 3662 300 3718 diametro.
344 3659 374 3716 lc
389 3659 474 3735 quala
489 3661 502 3716 d
518 3658 670 3735 copooolto
692 3659 847 3734 scipione
871 3659 917 3717 dei
930 3662 1008 3735 foro.
1053 3669 1084 3717 at
1106 3677 1198 3735 supra
1218 3660 1348 3718 vidimus
1371 3661 1485 3720 colum·

150 3780 208 3820 nas
230 3761 316 3819 binas
339 3779 416 3837 quae
437 3764 523 3819 iuxta
548 3761 638 3818 bases
662 3759 732 3817 item
756 3760 842 3818 binas
869 3768 1007 3837 repertae
1029 3761 1090 3819 sint
1114 3769 1248 3836 tempore
1271 3761 1353 3820 Feae
1374 3764 1485 3822 diame-

150 3873 232 3923 trum
258 3864 369 3922 habere
396 3882 435 3920 m.
454 3859 563 3934 l‚282.
597 3863 698 3938 itaque
726 3863 777 3938 qui
804 3869 874 3936 post
899 3861 1071 3920 Dutertium
1098 3881 1193 3939 eoque
1221 3865 1390 3927 accuratius
1416 3866 1485 3924 reli-

152 3967 243 4044 quias
269 3965 327 4024 fori
355 3965 393 4023 ad
421 3965 494 4023 artis
524 3966 621 4043 legem
650 3964 853 4042 redintegrare
882 3964 1104 4041 suscipient-
1127 3983 1182 4022 uec
1211 3965 1383 4024 dubitamus
1412 3968 1484 4042 quin

152 4069 272 4129 romani
294 4067 448 4127 architecti
470 4069 527 4126 hoc
549 4086 672 4126 munere
693 4068 807 4126 naviter
829 4074 860 4123 ut
883 4066 981 4124 solent
1003 4065 1141 4144 perfungi
1162 4069 1352 4145 properaturi
1373 4059 1484 4126 sint*—

153 4182 279 4249 rogatos
302 4171 451 4242 volumus,
476 4176 508 4226 ut
529 4188 605 4246 opus
628 4190 646 4228 a
667 4169 921 4248 topographorum
943 4169 1165 4246 philologorum
1191 4169 1297 4228 studiis
1320 4188 1392 4228 sane
1414 4171 1486 4229 alie·

153 4295 237 4348 num,
268 4273 343 4350 ipsis
371 4272 518 4330 familiare
545 4272 706 4348 profligare
733 4271 862 4347 amplius
890 4291 927 4328 ne
954 4271 1127 4331 detrectent.
1144 4305 1184 4316 -
1206 4272 1259 4330 sed
1286 4273 1391 4331 ultimo
1417 4273 1485 4332 loco

154 4375 364 4436 revertendum
386 4375 423 4432 ad
439 4373 547 4432 Feam:
569 4374 596 4432 is
619 4375 697 4433 anim
720 4382 881 4450 postquam
902 4373 938 4432 de
961 4375 1107 4432 columnis
1128 4375 1258 4433 absolvit
1277 4377 1351 4434 haeo
1373 4375 1487 4434 addidit

155 4501 185 4556 p.
202 4481 258 4537 71:
283 4495 384 4554 presso
406 4496 426 4534 o
452 4486 548 4554 queste
575 4480 602 4534 si
629 4495 697 4536 sono
724 4487 831 4536 trovato
856 4477 910 4534 dne
935 4481 1038 4535 noent
1059 4479 1166 4554 quadri
1187 4478 1235 4535 cha
1255 4498 1274 4536 o
1291 4481 1390 4554 primo
1411 4481 1487 4535 cisto

157 4581 305 4640 senebruno
334 4582 388 4638 dna
413 4580 572 4639 orobitrooi
598 4597 649 4638 con
676 4583 787 4638 cornice
809 4599 822 4637 e
843 4581 897 4638 dae
910 4581 997 4654 socco
1018 4582 1169 4650 cics'cano,·
1193 4599 1240 4637 mo
1261 4598 1329 4638 sono
1351 4581 1405 4638 dua
1422 4583 1486 4656 pia·

158 4681 271 4742 distolli
285 4684 317 4741 di
331 4683 384 4740 dae
398 4692 490 4740 statuo
505 4682 662 4756 dictante,
680 4683 912 4758 probabilrnanto,
937 4683 985 4742 che
1006 4691 1126 4740 stooono
1142 4682 1215 4740 solla
1229 4683 1282 4740 dno
1298 4682 1413 4740 oolonna
1429 4725 1435 4739 .
1453 4725 1460 4739 .
1477 4727 1484 4742 .

158 4786 250 4844 nonno
274 4801 363 4860 sopra
386 4786 439 4842 duo
460 4785 568 4859 prandi
595 4785 678 4843 bachi
706 4785 875 4860 scorpeiloti
896 4803 953 4860 per
980 4785 1094 4841 lcocrna
1116 4784 1271 4842 temeratio
1293 4803 1309 4841 o
1324 4787 1408 4860 forro
1430 4803 1444 4842 e
1463 4785 1487 4842 tt

154 4889 269 4962 pronao
296 4887 344 4945 obe
362 4888 497 4962 sermono
524 4887 554 4943 lo
580 4895 685 4944 stotoo.
729 4887 819 4944 omisi
851 4905 927 4962 quae
960 4887 996 4945 de
1028 4885 1152 4943 basibus
1179 4885 1343 4943 Domitiani
1370 4893 1487 4945 statuae

157 4989 343 5048 vindicandis
371 4989 507 5048 inseruit.
550 4989 627 5047 inter
648 4989 758 5046 rudera
778 4989 864 5046 iuxta
890 4989 1057 5048 columnam
1081 4987 1181 5046 Focaa
1202 5006 1281 5045 nunc
1303 4989 1488 5066 accumalata

159 5090 211 5148 illa
232 5109 384 5149 marmora
405 5109 465 5149 non
486 5091 615 5169 repperi.

243 5194 359 5252 Arcus
391 5194 632 5269 triumphales
665 5194 697 5252 in
725 5193 790 5251 foro
818 5211 942 5252 romano
975 5193 1152 5252 constitutos
1181 5193 1317 5252 novimus
1346 5194 1486 5270 quinque,

161 5294 337 5369 Fabianum,
360 5296 492 5373 Augusti
511 5295 607 5369 binos,
629 5296 754 5354 alterum
774 5303 903 5354 erectum
921 5296 1008 5354 iuxta
1026 5296 1129 5354 aedem
1149 5295 1210 5354 divi
1225 5295 1296 5354 Iulii
1311 5296 1349 5354 ob
1365 5304 1487 5372 recepta
