3632 6040
176 2206 459 2321 llLOGlVll
485 2208 545 2320 ll.
572 2206 943 2320 MESSALLAE
971 2206 1091 2320 OOS.
1118 2207 1172 2319 l.
1199 2207 1446 2322 DOllOlll.

592 2397 593 2401 ἵ
654 2413 705 2488 (ad
728 2413 786 2470 vol.
803 2413 819 2470 I
840 2433 869 2490 p.
886 2411 971 2488 277).

736 2573 889 2589 ——L-

231 2729 364 2786 Mausolo
390 2730 422 2786 aa·
448 2732 602 2787 trovattno
632 2727 720 2804 lonpa
741 2747 777 2785 m.
802 2731 827 2786 1.
849 2729 901 2800 52,
931 2731 993 2787 alta
1013 2749 1049 2788 m.
1076 2731 1105 2788 0.
1126 2732 1174 2788 44.
1224 2730 1300 2806 Rep.
1330 2750 1369 2788 m.
1397 2729 1480 2807 Sept.

146 2853 173 2889 a.
201 2831 281 2889 1875
306 2832 500 2888 restruendosi
527 2832 556 2888 lo
583 2849 679 2888 aaooa
705 2831 835 2889 odiosius
861 2835 891 2890 ia
910 2831 964 2890 Via
987 2833 1034 2890 del
1055 2836 1155 2908 tempto
1184 2833 1260 2890 della
1282 2832 1361 2891 Paeo
1388 2835 1481 2891 dietro

145 2936 177 2992 lo
200 2934 376 2992 desiliendi
399 2933 565 2992 Costuattao
588 2949 672 2991 eonr.

451 3124 541 3166 mu
646 3123 1102 3168 ro·vnssn1vs·m·s·

447 3226 537 3269 nuvs·
679 3225 881 3268 msssnunn
913 3240 921 3254 ·
954 3211 1107 3298 ronnTrr
1142 3241 1158 3269 a

686 3328 1152 3385 rp·rnrt·1r·err-vns·c³

734 3534 764 3576 lll
828 3546 834 3561 ·
942 3533 1066 3577 CENSOR

142 3693 231 3752 Misit
257 3691 391 3750 Dressel.
447 3689 482 3749 F.
515 3688 591 3750 Gori
621 3693 749 3752 archivio
779 3695 882 3750 storias
914 3693 1108 3768 urobeolopioo
1140 3712 1154 3751 a
1183 3693 1325 3752 letterorr'o
1351 3693 1481 3770 (Romae

147 3795 245 3870 1875)
267 3795 284 3852 I
305 3814 335 3872 p.
352 3795 400 3854 63.

233 3933 283 3990 Ad
311 3932 406 4010 elogia
428 3932 560 3990 virorum
587 3933 734 3991 clarorum
757 3933 864 3991 aetatis
886 3932 999 3991 liberae
1019 3933 1062 3990 rei
1084 3933 1222 4010 publicae
1244 3933 1299 3991 sub
1321 3933 1481 4009 imperato·

144 4036 230 4094 ribus
253 4035 372 4110 publice
396 4035 534 4112 exposita
555 4055 650 4111 nuper
678 4035 806 4094 sesessit
832 4035 912 4111 quod
940 4053 1033 4110 supra
1054 4035 1189 4094 dedimus
1212 4035 1313 4093 nobile
1334 4035 1482 4112 fragmen-

144 4149 209 4197 tum
243 4147 383 4214 speetans
417 4138 454 4196 ad
487 4139 607 4196 domum
632 4138 851 4196 Messallarum.
901 4135 960 4196 Ubi
991 4137 1061 4195 olim
1095 4138 1276 4214 prostiterit,
1310 4139 1481 4216 ignoratum

146 4260 296 4300 marmora
323 4241 400 4300 enim
424 4239 593 4311 Messallae,
622 4240 789 4317 dequibus
813 4239 920 4298 eeeinit
941 4240 1090 4298 Martialis
1114 4239 1179 4315 (10,
1196 4239 1224 4298 2.
1248 4240 1277 4314 8,
1294 4239 1338 4316 3),
1360 4241 1481 4300 ubinam

145 4345 259 4402 fuerint
286 4363 354 4402 eum
379 4352 535 4421 praeterea
564 4344 727 4420 ignoretur,
757 4343 947 4402 temerarium
974 4343 1054 4402 foret
1074 4343 1167 4401 hasce
1189 4354 1308 4402 nostras
1330 4343 1420 4402 bases
1443 4362 1483 4402 ex

146 4448 187 4505 iis
221 4464 380 4523 superesse
410 4446 588 4506 coniectare.
632 4445 794 4505 Henzenus
826 4446 858 4504 in
891 4446 999 4504 litteris
1027 4445 1183 4504 admonuit
1215 4445 1321 4504 domus
1343 4445 1482 4504 Valeriae

148 4549 247 4626 gentis
270 4549 308 4607 ab
335 4549 546 4625 antiquissima
572 4547 640 4607 inde
663 4556 759 4607 aetate
787 4549 817 4605 in
840 4547 928 4606 Velia
950 4548 1026 4606 sitae
1047 4547 1129 4624 (vide
1152 4547 1242 4606 vol.I
1269 4567 1297 4624 p.
1315 4546 1405 4624 285);
1429 4567 1483 4624 po-

148 4658 331 4726 tueruntque
354 4669 426 4709 sane
449 4669 484 4710 eo
507 4652 574 4726 ipso
601 4651 667 4708 loeo
691 4659 883 4708 monumenta
903 4650 1045 4710 Valeriae
1069 4650 1166 4726 gentis
1190 4651 1277 4709 condi
1300 4657 1397 4709 aetate
1419 4651 1484 4709 Au-

148 4755 240 4832 gusti,
267 4772 447 4830 quamquam
470 4753 657 4830 aliquantum
680 4753 772 4812 distat
793 4753 883 4812 Velia
905 4755 942 4812 ab
964 4771 999 4811 eo
1026 4754 1103 4825 loos,
1132 4753 1210 4811 unde
1233 4751 1362 4828 elogium
1387 4771 1484 4830 nuper

149 4856 270 4934 prodiit.
314 4855 391 4913 Utut
422 4863 482 4927 est,
517 4857 751 4932 subscriptiones
785 4863 920 4915 tenemus
955 4864 1119 4914 statuarum
1155 4855 1279 4912 duarum
1299 4854 1397 4939 'iuxta
1430 4856 1484 4913 ali-

149 4957 272 5034 quando
305 4957 471 5034 positarum
507 4958 636 5017 fortasse
673 4958 741 5016 aliis
774 4967 929 5036 praeterea
960 4958 1119 5028 adiunctis
1157 4974 1266 5032 easque
1299 4962 1484 5035 perscriptas

149 5061 250 5136 primo
284 5077 364 5130 casu,
398 5068 431 5117 ut
463 5059 609 5118 conscribi
643 5060 778 5118 solebant
810 5060 917 5144 elogia.
965 5061 1077 5119 Earum
1111 5059 1235 5117 alteram
1270 5067 1386 5118 constat
1417 5080 1483 5137 per

149 5163 248 5220 tinere
284 5161 323 5218 ad
357 5162 398 5220 M.
431 5162 607 5221 Messallam
643 5161 772 5238 Nigrum
809 5141 962 5221 consulem
999 5183 1026 5222 a.
1052 5183 1080 5222 u.
1107 5181 1132 5220 o.
1160 5159 1218 5220 693
1255 5171 1368 5238 patrem
1404 5163 1485 5222 Mes-

149 5263 247 5322 sallae
276 5260 400 5321 Corvini
434 5263 572 5322 oratoris.
623 5263 758 5324 Alterius
786 5283 853 5322 eum
880 5265 988 5340 exigua
1015 5265 1145 5341 vestigia
1173 5264 1326 5340 supersint
1352 5265 1400 5322 avi
1432 5283 1486 5323 nu·

1246 5469 1257 5524 l
