3614 6054
369 623 443 696 186
968 641 1115 694 188881

410 839 476 877 rum
502 818 729 893 triumphalium
756 812 828 875 ‘non
857 818 944 893 longe
972 837 991 874 a
1012 817 1139 875 basilica
1159 817 1237 874 Iulia
1263 834 1368 874 versus
1396 817 1498 874 aedem
1520 817 1679 875 1111114818-

413 922 476 979 nini
498 915 630 996 reperta’
653 920 724 978 dicit
746 919 918 984 Henzenus
946 928 1023 976 tacet
1044 920 1080 978 de
1103 918 1304 978 consularium
1330 919 1476 978 fastorum
1498 919 1624 991 frustula,
1645 929 1679 977 ta·

411 1031 477 1080 cent
500 1025 587 1081 Acta.
633 1040 688 1098 ego
711 1022 771 1080 vidi
794 1041 832 1079 m.
855 1022 952 1098 Aprili
975 1042 1002 1079 a.
1029 1021 1107 1080 1872
1131 1022 1329 1098 fragmentum
1352 1021 1478 1097 primum
1502 1019 1680 1080 8111808818-

411 1126 455 1183 ris
478 1125 527 1200 (cf.
551 1125 679 1183 Hermes
703 1125 730 1196 7,
755 1123 829 1200 269)
852 1125 954 1200 ibique
975 1125 1145 1201 putaverim
1168 1132 1267 1181 cetera
1289 1142 1407 1199 quoque
1428 1125 1546 1182 inventa
1567 1141 1636 1182 esse.

372 1333 411 1392 71
426 1335 553 1412 :pr
577 1337 670 1412 epigr.
689 1333 717 1406 2,
736 1334 805 1394 210.
830 1369 867 1377 -
891 1337 928 1394 A.
954 1335 1043 1393 1873.
1088 1335 1300 1410 Fragmentum
1328 1335 1473 1393 fastorum
1501 1334 1680 1392 consularium

413 1445 563 1512 repertum
585 1434 655 1496 ‘non
677 1437 783 1513 luaghi
806 1439 856 1496 dal
871 1439 968 1496 fianco
984 1437 1031 1495 del
1055 1437 1164 1512 tempio
1187 1436 1233 1494 de’
1250 1435 1368 1495 Castori
1391 1457 1407 1493 e
1430 1437 1509 1495 della
1531 1438 1577 1492 via
1590 1436 1682 1494 Nuova

413 1558 501 1598 verso
523 1541 544 1597 il
566 1540 629 1597 lato
652 1540 845 1598 meridionale
868 1541 917 1598 del
938 1535 1016 1598 foro'
1038 1539 1185 1614 Rapporti
1209 1540 1227 1598 5
1247 1539 1305 1597 Iul.
1325 1539 1413 1596 1873.
1457 1536 1495 1596 ‘F
1498 1539 1527 1596 in
1549 1539 1595 1595 dal
1615 1538 1682 1613 prin-

413 1643 492 1718 cipio
515 1641 564 1700 del
586 1661 666 1700 mese
689 1642 718 1699 di
740 1641 850 1720 Luglio
872 1662 901 1718 p.
925 1661 953 1717 p.
977 1642 1017 1698 mi
1040 1643 1072 1699 fu
1096 1643 1313 1700 communicato
1333 1684 1340 1698 .
1357 1685 1363 1699 .
1381 1661 1420 1698 un
1442 1642 1555 1698 framm.
1579 1639 1682 1697 ditasti

412 1745 570 1803 rinvenuto
591 1787 597 1802 .
615 1787 646 1802 ..
668 1744 746 1801 nella
767 1755 852 1821 parte
875 1753 964 1820 posta
986 1745 1081 1802 dietro
1104 1745 1151 1802 del
1173 1745 1285 1821 tempio
1307 1743 1336 1801 di
1360 1741 1472 1802 Cesare
1495 1760 1579 1801 verso
1600 1741 1682 1816 quello

412 1845 439 1902 d'
463 1847 618 1904 Antonino
641 1866 658 1903 e
681 1842 838 1905 Faustina’
862 1847 985 1905 chzen
1007 1847 1086 1904 Bull.
1113 1847 1202 1918 1874,
1228 1847 1295 1906 136.

1319 1982 1684 1992 ——-—--————-

371 2055 409 2114 73
425 2081 462 2106 =
479 2055 568 2114 1005.
612 2057 647 2114 In
669 2057 781 2132 templo
804 2057 967 2116 Faustinae
989 2058 1019 2114 in
1043 2058 1198 2134 epistylio:

751 2245 974 2304 818888188188
997 2255 1023 2302 et
1046 2245 1049 2322 1
1074 2247 1159 2302 diaco
1173 2246 1325 2319 faustinae

413 2431 543 2489 Versum
565 2432 694 2507 primum
716 2442 822 2508 postea
843 2431 975 2489 additum
999 2449 1065 2490 esse
1088 2440 1216 2508 arguunt
1238 2432 1354 2491 litterae
1368 2432 1538 2508 insculptae
1560 2429 1686 2498 eiusdem,

370 2551 437 2591 cum
465 2535 616 2592 emineant
646 2534 765 2592 litterae
792 2534 924 2592 alterius.
969 2544 1125 2610 praeterea
1151 2535 1234 2592 aedis
1260 2553 1368 2593 nomen
1391 2534 1538 2592 sollemne
1559 2542 1602 2591 est
1622 2530 1686 2588 Fau-

370 2636 476 2706 stinae,
500 2655 559 2694 non
576 2636 721 2694 Antonini
743 2643 773 2694 81
787 2636 962 2694 Faustinae:
990 2637 1028 2695 cf.
1053 2637 1116 2694 Fea
1138 2636 1222 2696 Fasti
1244 2657 1273 2714 p.
1290 2635 1431 2694 LXXIII
1444 2654 1468 2694 s.
1494 2645 1687 2694 8111888.-

371 2737 519 2796 Faustina
540 2737 589 2796 Pii
612 2747 786 2797 consecrata
807 2747 854 2798 est
876 2759 902 2796 8.
929 2739 998 2808 141,
1021 2739 1095 2798 Pius
1117 2740 1183 2816 ipse
1205 2760 1231 2796 a.
1259 2740 1326 2798 161.

1384 2855 1689 2872 ...-.-.-—----

372 2931 679 2991 74:1002.—A.
699 2933 798 2992 15471
843 2932 931 2990 Β8818
965 2952 1132 2992 marmorea
1163 2933 1194 2991 in
1226 2933 1349 2991 aedibus
1377 2933 1569 2992 Maffeiorum
1595 2931 1688 2988 visaa

412 3035 535 3093 Metello
562 3035 728 3110 ceterisque
756 3043 874 3111 praeter
901 3035 1055 3111 Ligorium
1083 3037 1133 3111 qui
1164 3035 1207 3094 sic
1234 3045 1374 3093 testatur:
1417 3031 1505 3092 ‘hora
1531 3029 1687 3094 raccontari

413 3136 550 3196 d’alcune
582 3137 707 3212 reliquie
733 3137 763 3195 di
790 3139 896 3196 marmi
922 3145 1039 3197 trovato
1065 3139 1107 3196 ivi
1135 3156 1281 3214 appresso
1311 3139 1340 3196 al
1366 3137 1485 3215 tempio’
1511 3131 1686 3212 (Faustinae)

413 3235 587 3298 ‘cavandosi
621 3239 759 3298 d'avante
786 3259 839 3316 per
866 3240 948 3298 levar
975 3240 997 3297 11
1030 3235 1147 3298 scalini'
1182 3236 1284 3315 [‘sette
1317 3240 1412 3297 ordini
1440 3240 1469 3296 di
1499 3233 1615 3298 soalini’
1635 3237 1682 3308 big.

413 3342 496 3417 Vat]
519 3338 565 3400 ‘eo
588 3342 670 3418 quali
694 3343 719 3401 si
741 3351 883 3400 montava
904 3342 952 3400 nel
974 3343 1089 3419 portico
1117 3343 1147 3400 di
1175 3360 1244 3401 esso
1267 3343 1296 3399 in
1323 3343 1447 3401 servitio
1470 3343 1553 3402 della
1573 3340 1680 3401 fabbrica

414 3444 444 3501 di
467 3441 626 3520 Sanpietro
650 3487 657 3501 .
680 3487 687 3500 .
712 3487 719 3501 .
743 3487 750 3501 .
774 3439 868 3502 eravi’
899 3441 976 3520 [‘nel
999 3445 1108 3521 angolo
1132 3445 1255 3502 sinistro
1278 3445 1325 3503 del
1347 3445 1498 3521 principio
1523 3445 1603 3504 della
1622 3459 1682 3502 mon·

413 3541 488 3603 tata'
510 3546 577 3624 Lig.
600 3547 682 3622 Vat]
708 3543 853 3605 ‘anchora
882 3566 942 3604 una
964 3547 1034 3605 base
1062 3547 1091 3604 di
1115 3555 1214 3604 statua
1235 3548 1328 3606 molto
1354 3547 1432 3605 bella
1454 3547 1510 3605 che
1534 3566 1622 3624 sopra
1640 3542 1687 3600 alla

415 3649 502 3724 quale
525 3667 576 3706 era
597 3649 628 3706 la
649 3649 781 3725 imagine
804 3649 833 3706 di
856 3650 1010 3708 Antonino
1033 3649 1089 3708 Pio
1116 3649 1248 3726 postagli
1271 3649 1352 3706 dalla
1375 3650 1558 3728 compagnia
1578 3649 1621 3706 dei
1639 3645 1686 3702 for-

413 3751 488 3822 11811,
511 3750 541 3808 18
563 3751 653 3826 quale
675 3751 792 3810 riserba
813 3752 844 3808 lo
866 3751 1072 3809 illustrissimo
1095 3753 1229 3810 cardinal
1244 3752 1346 3810 Maffei
1363 3794 1369 3808 .
1387 3746 1408 3810 .’
1430 3751 1575 3830 Ligorius
1595 3753 1622 3810 in
1639 3746 1687 3806 881-

412 3853 481 3910 1881.
505 3853 569 3910 cod.
592 3853 759 3926 Bodleiani‚
784 3854 861 3912 unde
884 3853 929 3911 ed.
953 3853 1100 3912 Lanciani
1124 3853 1203 3911 Bull.
1226 3855 1299 3912 Inst.
1326 3853 1415 3926 1871,
1439 3848 1688 3926 8638.,8181111-

413 3954 482 4012 liter
502 3954 534 4012 in
556 3954 665 4027 Vatic,
692 3957 771 4013 unde
799 3957 844 4014 ed.
869 3955 941 4025 Fra,
968 3955 1051 4014 Fasti
1075 3977 1104 4033 p.
1120 3955 1254 4014 LXXII.
1299 3955 1447 4014 mendacii
1475 3957 1617 4032 arguitur,
1640 3967 1688 4009 non

415 4056 603 4114 convincitur
624 4056 767 4133 Ligarius
790 4058 819 4116 in
838 4056 871 4116 C.
888 4058 911 4115 Ι.
928 4057 979 4114 L.:
1013 4067 1042 4116 et
1065 4066 1098 4116 ut
1120 4059 1160 4116 sit
1180 4058 1331 4130 mentitus,
1355 4059 1444 4116 verba
1466 4059 1533 4117 eius
1555 4065 1629 4116 certe
1649 4051 1690 4110 ad-

416 4159 573 4217 scribenda
595 4159 687 4218 fuere.

373 4295 452 4371 [imp.
476 4300 589 4353 caesari
612 4297 615 4373 1
641 4299 703 4354 atat
724 4299 862 4356 hadriani
877 4298 919 4372 s.]
943 4299 994 4354 clia
1015 4299 1146 4374 11181881
1162 4299 1292 4373 parthici
1312 4297 1494 4374 8188]181181
1515 4312 1691 4370 8818881110·

376 4415 431 4472 nep
455 4397 459 4474 1
485 4408 503 4455 1.
524 4398 597 4456 celto
620 4399 763 4456 landriano
788 4401 791 4477 1
815 4404 950 4458 88188188
973 4419 1039 4474 aaa.
1059 4403 1109 4474 pio
1134 4396 1138 4479 1
1159 4410 1239 4475 pont.
1262 4419 1328 4458 8188
1350 4401 1413 4458 trib.
1433 4410 1530 4476 potest
1549 4403 1591 4458 aii
1612 4398 1616 4473 1
1637 4400 1693 4470 imp·

375 4503 476 4558 11888.
500 4502 534 4556 iii
551 4520 583 4574 p.
603 4520 626 4575 p
651 4501 654 4577 1
680 4519 783 4576 corpas
808 4502 811 4578 1
832 4505 983 4578 pistorum.

374 4709 570 4768 75:1976.
596 4743 634 4753 —-
656 4711 695 4768 A.
721 4711 810 4769 1811.
868 4711 1027 4769 Fastorum
1062 4731 1207 4789 augurum
1245 4712 1444 4787 fragmentum
1476 4731 1539 4788 rep.
1575 4711 1605 4768 in
1636 4707 1690 4764 foro

414 4831 441 4869 a.
462 4812 538 4870 1811
563 4807 624 4870 ‘nel
646 4813 773 4871 coetruir
796 4832 855 4872 una
876 4813 1009 4872 chiavica
1030 4815 1084 4871 che
1106 4814 1156 4871 dal
1178 4813 1290 4888 tempio
1312 4813 1340 4870 di
1357 4814 1511 4872 Antonino
1528 4833 1544 4871 e
1559 4809 1693 4872 Faustina

414 4912 559 4971 toccando
587 4915 687 4990 quello
715 4915 745 4972 di
774 4914 899 4975 Castora
926 4935 942 4972 e
968 4916 1092 4974 Polluce
1119 4916 1202 4974 volta
1229 4933 1316 4973 verso
1343 4916 1373 4973 la
1403 4917 1530 4974 calonna
1552 4915 1583 4972 di
1604 4902 1692 4977 Forat

416 5014 488 5072 Fea.
533 5035 611 5073 nunc
634 5025 718 5074 extat
738 5018 769 5075 in
791 5037 894 5076 museo
918 5017 1100 5094 Capitolina.
1144 5027 1243 5096 potest
1264 5019 1356 5094 igitur
1377 5019 1408 5076 in
1430 5037 1498 5076 area
1520 5017 1588 5088 fori,
1609 5015 1695 5092 potest

415 5117 492 5174 inter
514 5120 625 5193 templa
646 5120 700 5176 illa
728 5120 878 5179 inventum
902 5137 977 5179 esse.
995 5155 1033 5165 —
1051 5139 1127 5196 quae
1156 5121 1227 5179 olim
1256 5120 1366 5179 eisdem
1394 5121 1479 5179 fastis
1501 5119 1694 5177 tribuebantur

415 5218 580 5293 fragmenta
610 5221 678 5290 duo,
705 5241 807 5280 eorum
836 5224 963 5280 alterum
991 5223 1145 5280 sodalibus
1172 5223 1391 5300 Augustalibus
1418 5222 1605 5280 tribuendum
1637 5231 1693 5275 esse

416 5319 540 5377 alterum
564 5323 728 5398 auguribus
752 5325 979 5384 abiudioandum
1003 5325 1133 5384 ostendit
1154 5324 1275 5384 Dessau
1297 5325 1388 5384 huius
1410 5325 1487 5402 Eph.
1511 5325 1540 5396 3,
1558 5323 1647 5380 7488.
