3632 6040
303 2229 815 2346 osssnrtvtttottns
854 2229 1330 2344 EPIGRAPHIOAE.
1400 2142 1406 2153 =

736 2465 888 2472 -——-—.---

158 2694 292 2790 XIX.
342 2695 571 2791 ALBVM
602 2695 865 2791 ORDINIS
895 2695 1460 2792 THAMVGADENSIS.

139 2913 244 3041 Inter
266 2981 327 3038 alia
349 2992 543 3041 monumenta
565 3001 642 3058 quae
664 2987 778 3042 amicus
801 2992 830 3040 et
852 2982 953 3040 socius
977 2980 1131 3040 Gustavus
1155 2982 1325 3040 Wilmenns
1352 2983 1409 3040 iter
1430 2983 1473 3040 fa-

138 3085 224 3142 ciens
238 3083 270 3142 in
283 3083 387 3142 Africo
402 3085 564 3162 indagavit,
581 3086 619 3144 ad
634 3104 680 3142 me
694 3085 776 3143 misit
791 3085 821 3141 id
836 3085 917 3160 quod
933 3085 1067 3160 sequitur
1083 3085 1239 3154 edendum,
1254 3094 1287 3142 ut
1302 3085 1473 3160 speciminis

135 3189 207 3246 loco
227 3187 260 3244 id
275 3195 355 3244 esset
370 3187 460 3244 etiam
482 3197 549 3263 post
569 3205 695 3246 messem
712 3179 924 3246 Renierianam
944 3207 1005 3245 non
1020 3186 1267 3245 contemnendum
1284 3187 1342 3245 sibi
1356 3206 1474 3245 remeu-

137 3289 215 3348 sisse
232 3289 431 3366 spicilegium.
469 3287 569 3368 Leges
585 3299 683 3351 autem
700 3290 786 3348 huius
801 3289 1000 3366 ephemeridis
1016 3308 1082 3347 cum
1103 3289 1135 3346 iu
1156 3289 1326 3348 universum
1342 3308 1401 3347 non
1422 3290 1473 3347 ad-

135 3393 258 3450 mittant
272 3391 331 3449 nisi
347 3391 555 3468 supplementa
567 3411 668 3450 eorum
684 3392 820 3468 corporis
836 3392 964 3468 partium
978 3409 1054 3467 quae
1069 3392 1253 3466 prodierunt,
1267 3393 1372 3469 optimi
1385 3392 1474 3451 amici

135 3495 233 3552 iussis
258 3492 465 3570 obtemperare
488 3512 523 3551 eo
546 3495 644 3552 minus
668 3493 811 3566 dubitavi,
838 3495 919 3570 quod
940 3494 1045 3551 titulus
1068 3493 1176 3569 dignus
1198 3504 1244 3552 est
1265 3495 1315 3571 qui
1337 3511 1472 3552 seorsum

134 3597 265 3672 prodeat
291 3615 357 3654 cum
384 3596 597 3655 commentario
626 3596 652 3654 si
680 3616 740 3654 non
766 3597 856 3666 iusto,
886 3604 964 3654 certe
992 3595 1126 3671 pleniore
1153 3614 1243 3671 quam
1270 3597 1348 3654 adici
1374 3603 1474 3670 potest

135 3699 167 3757 in
190 3699 327 3757 ordinem
350 3698 463 3756 relatis.
507 3698 599 3757 Basis
622 3709 665 3758 est
691 3709 810 3776 reperta
832 3698 1039 3774 Thamugode,
1067 3698 1156 3756 hodie
1178 3697 1317 3775 Tingim,
1346 3699 1377 3755 in
1404 3715 1472 3774 pro-

137 3802 239 3859 vincia
255 3800 408 3871 Numidia,
432 3801 493 3858 ulte
515 3821 553 3858 m.
573 3803 598 3858 1.
619 3803 667 3870 10,
689 3803 752 3860 lata
773 3802 804 3859 in
827 3802 925 3860 antica
944 3802 973 3858 0.
991 3799 1029 3858 26
1053 3809 1081 3858 et
1103 3799 1131 3857 0.
1149 3799 1187 3858 25
1211 3799 1364 3858 deficiente
1387 3809 1471 3874 porte

138 3905 246 3976 mesta,
269 3883 301 3961 'tn
327 3903 422 3960 latere
446 3911 572 3978 utroque
594 3904 623 3962 o.
641 3905 696 3974 eu
718 3903 825 3961 titteris
848 3903 917 3961 arus
940 3904 970 3960 tn
992 3902 1092 3960 uuus
1114 3922 1132 3958 a
1154 3902 1182 3958 o.
1200 3901 1238 3960 os
1263 3901 1301 3959 au
1323 3903 1352 3959 o.
1368 3902 1418 3972 05,
1440 3901 1472 3957 tn

138 4005 283 4063 lateribus
301 4006 328 4063 0.
347 4004 386 4062 02
401 4024 461 4062 nou
477 4005 609 4080 pulchris
626 4005 672 4078 iis,
689 4007 743 4064 sed
757 4005 894 4063 lectionis
909 4012 1016 4063 certae.
1039 4003 1165 4062 Postioa
1179 4023 1343 4080 numquam
1360 4003 1472 4080 scriptu

136 4107 202 4164 fuit.
247 4107 408 4184 Inscriptio
431 4117 550 4184 praeter
566 4109 681 4166 eutioae
703 4108 820 4166 litteras
836 4108 982 4184 quasdam
1005 4107 1035 4163 in
1058 4107 1163 4164 mediis
1179 4106 1314 4164 versibus
1330 4107 1470 4164 effractus

136 4210 253 4286 integra
282 4209 321 4266 ad
349 4227 405 4267 nos
431 4209 566 4286 pervenit
588 4211 778 4286 abundatque
806 4210 935 4286 spatium
958 4209 989 4266 in
1016 4208 1161 4266 lateribus
1184 4209 1235 4282 ita,
1258 4217 1292 4267 ut
1313 4209 1471 4286 quadrata-

134 4312 198 4368 rius
221 4312 310 4369 facile
331 4311 426 4370 multo
447 4312 534 4388 plura
557 4313 599 4370 ibi
621 4313 805 4389 perscribere
828 4313 966 4388 potuerit.
1009 4313 1082 4389 Ipso
1103 4312 1261 4390 inscriptio
1283 4313 1357 4370 haec
1379 4319 1434 4370 est.
