3620 6050
470 581 633 637 struncon
660 581 951 636 rusourrrronvn
977 581 1063 634 nour
1089 581 1245 633 nournr.
1445 561 1519 634 265

191 757 333 817 collocuta
359 768 435 818 sant.
478 759 592 818 scilicet
619 767 718 818 utrum
747 775 851 818 muros
877 753 1015 818 ‘aedificii
1041 750 1158 814 incerti'
1191 755 1247 832 (ita
1271 755 1454 831 nuncupavi)
1481 773 1520 812 an

190 860 309 918 aedium
342 861 542 938 palatinarum
577 861 804 938 significaverit,
840 860 913 918 mihi
945 877 1005 916 non
1042 866 1176 917 constat:
1212 864 1278 916 utut
1313 867 1359 916 est
1394 865 1521 934 apparet

187 961 339 1038 Poggium
377 980 496 1040 quoque
535 963 687 1022 comitium
727 964 822 1022 eidem
862 961 979 1039 regioni
1019 961 1162 1019 tribuisse
1201 961 1249 1018 cui
1288 959 1392 1018 tribuit
1428 959 1519 1018 Blon·

189 1064 255 1122 dus.
274 1065 507 1124 -examinatis
530 1066 621 1143 igitur
641 1066 689 1124 his
711 1065 891 1124 testimoniis
911 1082 998 1122 nemo
1021 1062 1127 1138 opinor
1141 1061 1281 1121 Dutertio
1302 1061 1447 1136 plauserit
1468 1063 1520 1138 qui

188 1185 292 1226 arcum
306 1166 485 1240 Fabianum,
508 1186 596 1244 quem
611 1168 740 1226 Fabiani
762 1167 843 1240 dicit,
869 1167 901 1223 in
922 1166 1016 1224 latere
1044 1164 1128 1222 aedis
1151 1164 1179 1224 d.
1195 1164 1267 1222 Iulii
1288 1165 1316 1222 ei
1338 1165 1404 1222 viae
1426 1164 1519 1239 impo-

187 1269 283 1326 suerit
304 1288 380 1345 quae
403 1288 421 1326 a
442 1269 607 1330 Faustinae
628 1270 740 1348 templo
763 1269 802 1327 ad
827 1287 928 1328 arcum
951 1266 1055 1328 Severi
1084 1266 1180 1324 tendit
1201 1265 1260 1342 (Le
1281 1265 1396 1324 Forum
1419 1273 1439 1324 t.
1461 1266 1518 1325 Ill.

184 1369 256 1445 IV).
301 1371 373 1446 quid
396 1372 477 1446 quod
498 1391 593 1450 nuper
613 1379 774 1450 postquam
796 1391 833 1430 ea
853 1389 924 1448 pars
947 1369 1100 1428 eruderari
1126 1375 1234 1446 coepta
1254 1379 1301 1428 est
1322 1368 1462 1444 apparuit
1482 1387 1519 1425 ne

187 1472 347 1550 vestigium
368 1473 488 1550 quidem
510 1492 598 1534 arcus
620 1475 811 1551 triumphalis
833 1473 875 1532 ibi
898 1479 1011 1532 extare.
1055 1479 1086 1529 at
1111 1490 1149 1530 ne
1169 1471 1212 1530 ibi
1233 1471 1353 1547 quidem
1374 1469 1519 1546 reliquiae

186 1576 253 1633 eius
276 1593 470 1651 comparuere
489 1577 541 1636 ubi
563 1597 630 1636 eum
651 1577 744 1636 fuisse
766 1577 920 1664 hpcusque
942 1577 1176 1634 demonstratum
1204 1582 1251 1634 est
1273 1573 1324 1650 (ef.
1348 1574 1387 1632 ad
1409 1593 1437 1634 n.
1454 1573 1518 1649 25).

186 1685 242 1734 aut
262 1677 354 1754 igitur
381 1685 462 1737 totus
489 1697 563 1736 aevo
589 1680 692 1738 infimo
714 1679 883 1738 destructus
910 1679 1034 1754 eiusque
1057 1695 1132 1736 saxa
1152 1675 1298 1752 quaedam
1324 1677 1429 1735 eodem
1451 1677 1518 1734 loco

185 1780 227 1837 ad
242 1781 408 1840 extruenda
428 1781 490 1839 alia
505 1781 642 1840 aedilicia
657 1781 792 1840 adhibita
813 1789 893 1852 sunt,
920 1787 972 1838 aut
994 1781 1077 1838 stetit
1091 1779 1181 1856 paulo
1204 1779 1282 1837 ultra
1303 1797 1372 1836 eum
1393 1779 1518 1838 limitem

185 1900 275 1958 quem
291 1883 348 1941 hoc
363 1902 442 1942 anno
460 1883 538 1943 1876
559 1883 759 1943 eruderationi
780 1883 891 1942 facturn
906 1883 1037 1942 indicavi
1058 1882 1089 1940 in
1110 1883 1221 1952 forma:
1249 1890 1347 1940 utrum
1362 1881 1401 1940 sit
1416 1901 1518 1940 verum

182 1985 257 2042 licet
278 1985 435 2044 diiudicari
456 2004 517 2042 non
538 1986 647 2062 possit,
669 1987 727 2044 boc
747 1995 847 2044 tamen
861 1985 1053 2060 praetulerim
1069 2004 1104 2044 eo
1120 1985 1200 2061 quod
1215 1983 1346 2060 templum
1362 1983 1518 2042 Fabiorum

182 2087 215 2144 in
237 2083 315 2144 libro
330 2087 513 2146 Mirabilium
534 2089 620 2146 iuxta
641 2088 783 2164 templum
799 2087 964 2146 Faustinae
978 2095 1242 2146 commemoratum
1263 2085 1387 2144 fornicis
1405 2105 1517 2144 memo·

182 2189 261 2248 riam
284 2190 373 2248 etiam
396 2197 457 2249 tum
480 2191 652 2266 superstitis
668 2191 819 2250 continere
840 2209 918 2248 nunc
933 2209 1054 2267 quoque
1074 2189 1147 2248 mihi
1161 2189 1279 2247 videtur
1294 2189 1385 2264 (Top.
1404 2187 1432 2261 2,
1445 2189 1516 2247 476.

183 2289 271 2367 482).
289 2325 326 2334 -
344 2292 470 2368 denique
491 2292 593 2353 nescio
620 2311 659 2350 an
684 2293 807 2352 fornicis
837 2300 985 2351 structura
1011 2301 1101 2368 atque
1123 2299 1298 2350 ornamenta
1321 2291 1518 2367 redintegrari

182 2395 313 2471 possint.
357 2401 469 2453 certum
493 2403 538 2454 est
558 2395 783 2471 inscriptionem
805 2395 977 2472 primariam
997 2395 1055 2466 bis,
1077 2395 1136 2453 hoc
1157 2394 1256 2454 estin
1278 2402 1404 2469 utraque
1425 2391 1517 2474 forui-

183 2495 227 2554 cis
250 2495 349 2556 fronte
371 2497 513 2574 scriptam
535 2497 641 2570 luisse,
662 2498 734 2556 item
757 2505 868 2556 certum
890 2498 1006 2556 videtur
1027 2497 1117 2556 trium
1139 2495 1303 2554 Fabiorum
1327 2495 1432 2554 titulos
1459 2494 1516 2572 (Β)

183 2599 222 2656 ad
250 2605 365 2658 statuas
392 2618 481 2678 super
508 2600 665 2677 impositas
692 2599 875 2678 pertinuisse
896 2633 937 2642 —
960 2619 1037 2676 quae
1062 2617 1122 2674 quo
1145 2597 1272 2656 artificio
1289 2597 1385 2656 factae
1407 2597 1518 2656 fuerint

183 2720 220 2758 ea
242 2701 279 2758 de
301 2721 334 2759 re
356 2709 427 2777 post
447 2702 597 2760 inventam
619 2721 713 2778 nuper
735 2702 864 2761 tibicinis
885 2710 1014 2760 statuam
1037 2701 1228 2777 Esquilinam
1254 2701 1425 2758 coniectura
1450 2700 1517 2776 capi

183 2810 298 2878 potest3
314 2837 355 2847 -
370 2804 497 2880 denique
517 2800 628 2864 ‘scuta’
654 2813 684 2863 et
709 2800 807 2881 ‘sigua
829 2799 993 2877 victoriae',
1020 2823 1097 2880 quae
1125 2803 1198 2861 vidit
1220 2802 1387 2873 Fabricius,
1415 2802 1517 2878 qualia

181 2905 295 2964 fuerint
327 2905 435 2964 docent
468 2907 575 2964 similis
608 2908 726 2984 generis
753 2907 924 2985 anaglypha
957 2924 1045 2966 arcus
1079 2905 1249 2983 superstitis
1275 2905 1469 2964 Arausiensis
1498 2923 1517 2961 a

183 3005 315 3068 Caristio
337 3009 484 3083 publicati
506 3016 536 3066 et
556 3009 662 3067 incerti
683 3028 761 3068 nuno
783 3010 902 3086 perditi,
925 3009 1009 3068 ouius
1030 3009 1191 3086 imaginem
1215 3007 1334 3066 saeculo
1354 3007 1431 3066 XVI
1452 3007 1515 3064 fac·

182 3119 243 3168 taur
265 3111 377 3169 editam
398 3111 491 3169 habes
513 3111 672 3171 Archaeol.
694 3112 825 3189 Zeitung
845 3132 874 3170 a.
900 3110 990 3183 1872,
1013 3111 1086 3170 tiss.
1110 3110 1160 3185 (cf.
1185 3109 1411 3168 Jahresbericht
1436 3108 1514 3167 1875

181 3232 211 3290 p.
228 3213 314 3288 760).

264 3313 452 3376 Devenimus
480 3316 519 3374 ad
544 3335 611 3375 eum
639 3317 736 3375 locum
765 3317 816 3394 qui
845 3326 891 3375 est
914 3317 950 3375 de
977 3316 1106 3392 pristina
1129 3316 1200 3376 sede
1227 3315 1356 3392 templi
1378 3314 1515 3374 Vestae

176 3417 318 3494 Regiae
346 3419 529 3476 fastorum
556 3420 804 3478 consularium
833 3429 942 3496 atque
971 3418 1262 3496 triumphalium:
1294 3418 1330 3475 de
1352 3435 1411 3494 quo
1432 3417 1514 3476 iden·

178 3520 272 3578 tidem
296 3519 463 3596 significavi
486 3539 523 3578 ne
544 3540 623 3580 nunc
645 3521 764 3598 quidem
785 3540 875 3596 posse
898 3530 979 3580 certa
1000 3521 1115 3580 ratione
1142 3520 1277 3580 iudicari.
1321 3538 1389 3579 esse
1410 3521 1514 3596 templi

179 3620 294 3680 Vestae
309 3621 502 3682 fundamenta
522 3623 682 3682 rotundam
706 3625 956 3682 substructionem
978 3643 1044 3681 eam
1066 3641 1155 3698 quam
1176 3623 1207 3680 iu
1228 3623 1326 3681 forma
1347 3642 1415 3682 mea
1431 3623 1513 3680 vides

179 3743 197 3782 e
222 3725 346 3801 regione
372 3724 476 3800 templi
497 3723 663 3784 Faustinae
687 3726 817 3800 positam
849 3744 909 3784 non
939 3743 1032 3800 neg03
1066 3744 1119 3782 cur
1142 3741 1250 3801 negem
1272 3733 1353 3784 certo
1376 3732 1514 3784 constare

179 3843 250 3886 esse
271 3827 375 3903 templi
395 3826 508 3885 Vestae
530 3827 594 3886 dixi
615 3828 786 3886 Jahresber.
806 3827 886 3886 1875
909 3846 937 3903 p.
955 3825 1024 3885 772.
1067 3845 1164 3902 neque
1187 3825 1271 3884 aliud
1293 3827 1365 3903 quid
1386 3827 1514 3904 probant

178 3928 356 3988 decantatae
376 3929 447 3988 illae
469 3930 618 4006 virginum
633 3930 745 3989 Vestae
759 3930 847 3988 bases
862 3930 1041 3988 honorarius
1057 3949 1146 4007 quarn
1160 3927 1254 3986 fuisse
1270 3929 1378 3988 atrium
1401 3930 1513 3989 Vestae

179 4033 260 4091 circa
282 4051 319 4090 ea
339 4031 408 4091 loca
422 4032 472 4091 ubi
495 4032 522 4091 si
544 4032 649 4090 audias
666 4033 848 4110 scriptorum
869 4033 1041 4092 testimonia
1054 4050 1114 4089 nou
1134 4037 1235 4107 potest
1248 4048 1308 4087 non
1329 4031 1433 4105 fuisse,
1456 4034 1512 4092 sub

179 4135 292 4212 angulo
313 4135 426 4194 montis
447 4134 580 4194 Palatini
601 4134 632 4192 in
653 4135 753 4194 forum
774 4152 861 4194 verso
885 4135 949 4193 sive
970 4136 1050 4194 circa
1071 4134 1175 4193 aedem
1198 4130 1229 4193 S.
1251 4132 1366 4191 Mariae
1387 4133 1512 4193 Libera·

178 4237 263 4296 tricis
287 4235 339 4312 (cf.
363 4237 401 4296 ad
422 4257 451 4295 n.
469 4236 638 4312 93-107),
659 4256 719 4296 uon
742 4245 775 4295 ut
794 4257 890 4314 nuper
912 4237 1026 4314 placuit
1046 4235 1197 4314 Dutertio,
1225 4241 1293 4294 ante
1316 4236 1512 4296 substructio-

177 4357 245 4398 nem
260 4339 344 4397 illam
359 4339 518 4398 rotundam
534 4357 639 4398 versus
655 4341 799 4416 templum
814 4340 993 4399 Faustinae:
1016 4361 1045 4398 v.
1066 4358 1143 4417 quae
1159 4338 1223 4396 dixi
1239 4337 1413 4398 Jahresber.
1432 4340 1511 4398 1876

177 4460 209 4518 p.
227 4441 297 4499 173.
333 4441 435 4518 itaque
455 4459 516 4500 non
534 4441 624 4518 louge
639 4461 657 4500 a
672 4442 800 4518 pristina
819 4443 889 4501 sede
905 4443 1054 4502 abstracta
1067 4442 1151 4502 basis
1167 4439 1367 4498 anathematis
1383 4442 1511 4500 alicuius

179 4543 250 4602 olim
265 4548 297 4600 in
312 4544 399 4616 anic,
414 4543 529 4620 opinor,
545 4543 596 4601 illo
612 4544 767 4604 conlocata
781 4551 811 4604 et
825 4552 953 4620 reperta,
970 4545 996 4604 si
1012 4543 1146 4604 Caninae
1162 4543 1253 4602 verba
1267 4551 1345 4600 recte
1360 4545 1510 4620 intellego,

176 4645 255 4704 inter
277 4645 433 4705 basilicam
455 4645 560 4704 Iuliam
587 4656 616 4705 et
643 4647 746 4705 aedem
769 4645 904 4706 Castoris
932 4647 1033 4723 (1153
1059 4647 1191 4723 [Vc]staa
1216 4650 1320 4706 donum
1341 4667 1398 4724 pro
1420 4647 1511 4706 salute

177 4747 273 4807 Ialiua
295 4747 473 4824 Au9(ustae)
495 4751 595 4806 matris
618 4749 661 4806 M.
684 4749 824 4808 Antonini
845 4750 997 4826 Au9(usti)
1019 4749 1137 4825 n(ostri)
1160 4751 1254 4826 cett).

262 4849 384 4908 Atrium
406 4849 481 4908 illud
503 4851 534 4908 in
557 4851 715 4910 annalibus
739 4851 1091 4924 11111011111154211543,
1114 4852 1222 4928 quibus
1245 4871 1319 4912 usus
1342 4861 1390 4912 est
1403 4851 1510 4913 Livius

180 4949 229 5024 26,
254 4951 304 5024 27,
328 4951 356 5010 3.
380 4951 429 5024 27,
455 4953 503 5025 ll,
529 4953 576 5024 16,
599 4956 703 5011 atrium
725 4956 832 5030 regium
860 4953 972 5012 dictum
994 4973 1063 5014 esse
1089 4964 1262 5014 constat-
1279 4954 1408 5013 secundo
1431 4953 1510 5012 enirn

177 5053 245 5110 loco
268 5053 350 5129 quod
371 5054 513 5112 traditum
535 5064 582 5113 est
601 5059 705 5114 auium
727 5059 835 5131 raptum
857 5055 908 5130 qui
931 5056 1092 5115 defenduut
1113 5078 1174 5116 rem
1195 5057 1327 5134 ineptam
1341 5075 1397 5116 nec
1418 5056 1510 5114 latine

178 5155 289 5214 dictam
304 5162 424 5214 tuentur
437 5189 478 5200 -
493 5157 581 5229 unde,
604 5165 636 5216 ut
650 5167 749 5216 cetera
763 5167 886 5229 taceam,
903 5157 1032 5222 efficitur
1048 5169 1081 5217 ut
1095 5159 1200 5237 templi
1214 5159 1386 5236 Regiaeque
1401 5159 1509 5217 atrium

175 5256 256 5316 idem
282 5257 379 5317 fuisse
405 5258 635 5318 existimandum
663 5260 712 5318 sit.
756 5259 868 5336 templo
895 5259 984 5336 igitur
1010 5259 1122 5320 Vestae
1144 5262 1241 5338 Regia
1269 5263 1410 5340 contigua
1436 5268 1508 5319 erat.
