3632 6040
379 592 425 661 76
670 607 814 658 nassau
841 607 891 656 55
918 605 1049 658 russis
1077 603 1412 656 sncsunornuravs.

376 793 408 842 51
434 791 504 858 post
531 783 698 841 dedicatum
725 780 842 839 titulum
866 780 1118 856 Tarquiniensem
1142 779 1180 853 Q.
1203 779 1376 837 Petronium
1399 777 1560 836 Meliorem
1587 777 1702 835 alterum

376 886 575 944 sacerdotium
599 883 750 960 accepisse
773 892 895 942 statuat.
938 882 1045 958 Itaque
1069 882 1224 940 sodalibus
1239 880 1458 957 Augustalibus
1483 879 1577 954 (quos
1594 881 1703 937 eosdem

375 989 467 1047 luisse
495 1007 531 1044 ac
558 986 676 1044 sodales
703 985 885 1062 Augustales
913 983 1086 1044 Claudiales
1116 983 1300 1060 Borghesius
1329 983 1429 1041 docuit
1458 1001 1564 1039 oeuvr.
1586 982 1618 1052 4,
1642 981 1701 1039 173.

378 1089 450 1166 174)
472 1089 575 1146 tabula
598 1071 780 1147 Gruteriana
802 1087 999 1146 adiudicanda
1021 1087 1085 1144 erit.

458 1191 610 1249 Numerus
639 1209 757 1266 quoque
784 1191 971 1248 decuriarum
1000 1189 1064 1246 sive
1090 1190 1224 1247 locorum
1251 1187 1370 1264 collegii
1394 1207 1484 1264 quem
1509 1187 1614 1245 tabula
1635 1186 1703 1246 Gru·

374 1295 491 1352 teriana
513 1295 636 1369 praebet
657 1293 751 1350 multo
774 1293 869 1368 magis
892 1291 1046 1350 sodalibus
1069 1291 1288 1368 Augustalibus
1315 1291 1453 1348 convenit
1476 1309 1570 1366 quam
1593 1293 1702 1366 auguri-

374 1397 439 1455 bus.
483 1395 608 1472 Legitur
635 1395 713 1452 enim
741 1395 772 1452 in
799 1395 902 1453 tabula
930 1393 1111 1454 Gruteriana
1139 1413 1166 1452 a.
1191 1395 1225 1452 51
1252 1413 1286 1468 p.
1311 1391 1382 1451 Chr.
1411 1392 1570 1452 Neronem
1600 1391 1701 1452 Caesa·

374 1519 439 1556 rem
460 1498 589 1574 Augusti
615 1499 635 1554 1.
661 1496 870 1556 Germanicum
899 1515 990 1574 supra
1016 1515 1170 1554 numerum
1197 1497 1274 1553 inter
1302 1495 1472 1554 sacerdotes
1498 1513 1567 1554 csse
1590 1509 1701 1574 coopta-

374 1610 437 1660 tum
463 1601 601 1659 instituta
628 1618 706 1656 nova
733 1599 796 1657 eius
825 1617 917 1657 causa
949 1599 1071 1663 decuria
1103 1617 1227 1656 numero
1254 1598 1398 1656 vicesima
1432 1599 1579 1674 septima;
1612 1601 1702 1676 itaque

373 1711 443 1761 ante
466 1723 492 1760 a.
517 1703 554 1759 51
579 1701 750 1760 sacerdotes
773 1701 879 1778 viginti
904 1719 958 1759 sex
981 1701 1012 1758 in
1034 1720 1069 1758 eo
1094 1701 1221 1777 collegio
1245 1700 1282 1757 ad
1305 1701 1385 1776 quod
1408 1701 1513 1759 tabula
1529 1699 1702 1761 Gruteriara

372 1805 500 1883 pertinet
532 1805 627 1862 fuisse
662 1822 785 1862 necesse
819 1810 874 1862 est.
940 1806 1080 1881 Augures
1113 1813 1211 1861 autem
1246 1803 1400 1862 dictatoris
1435 1801 1580 1863 Caesaris
1614 1814 1700 1864 aetate

373 1907 502 1966 sedecim
528 1907 625 1965 fuisse
653 1913 784 1978 constat3
815 1924 940 1980 quorum
968 1925 1122 1964 numerum
1149 1924 1242 1982 usque
1270 1905 1305 1962 ad
1334 1924 1443 1963 annum
1474 1907 1512 1965 51
1544 1907 1584 1964 ad
1605 1909 1700 1983 viginti

372 2029 427 2069 sex
449 2009 550 2085 augeri
573 2008 709 2086 potuisse
731 2028 791 2067 non
813 2026 889 2084 nego
900 2007 936 2084 1),
964 2009 1027 2066 veri
1051 2008 1148 2066 simile
1169 2018 1270 2066 tamen
1291 2008 1322 2066 id
1344 2027 1404 2066 non
1426 2009 1557 2083 videtur.
1597 2009 1699 2069 Contra

372 2111 493 2171 sodales
516 2111 700 2187 Augustales
728 2130 794 2168 cum
821 2112 949 2186 primum
976 2111 1104 2168 instituti
1132 2119 1202 2168 sunt
1224 2110 1264 2185 (a.
1284 2109 1346 2186 14),
1375 2129 1501 2169 numero
1524 2112 1697 2172 151155111-

371 2216 446 2291 ginti
468 2214 610 2290 quinque,
634 2232 762 2289 quorum
785 2213 891 2290 viginti
914 2231 991 2272 uuus
1016 2223 1095 2271 sorte
1118 2213 1198 2272 ducti
1213 2222 1298 2271 erant
1321 2233 1336 2270 e
1358 2213 1544 2290 primoribus
1567 2216 1696 2286 civitatis,

371 2335 464 2394 supra
489 2335 646 2375 numerum
673 2316 781 2374 adiecti
809 2315 950 2374 Tiberius
979 2314 1177 2374 Germanicus
1204 2315 1324 2374 Drusus
1348 2313 1498 2376 Claudius
1527 2317 1613 2393 (Tac.
1636 2337 1695 2375 ann.

373 2421 400 2491 1,
417 2420 466 2477 54.
490 2417 572 2478 Suet.
596 2417 699 2478 Claud.
718 2417 761 2493 6).
804 2419 911 2494 Itaque
934 2419 959 2477 si
983 2418 1020 2476 ad
1043 2418 1160 2476 sodales
1182 2418 1366 2494 Augustales
1389 2419 1527 2477 tabulam
1551 2418 1695 2479 (11511111-

370 2541 439 2580 nam
462 2523 611 2597 pertinere
635 2520 803 2590 statuimus,
826 2531 859 2578 ut
881 2540 906 2578 a.
925 2520 960 2579 51
986 2518 1108 2580 Nerone
1131 2538 1221 2596 supra
1242 2540 1397 2579 numerum
1420 2530 1563 2598 cooptato
1587 2522 1695 2580 decuria

369 2625 454 2682 fieret
481 2623 624 2681 vicesima
653 2623 791 2699 septima,
818 2623 856 2680 ab
879 2643 904 2680 a.
931 2625 968 2681 14
991 2623 1029 2680 ad
1051 2643 1077 2681 a.
1102 2623 1139 2681 51
1170 2642 1228 2681 una
1257 2641 1348 2700 supra
1373 2643 1530 2682 numerum
1555 2625 1694 2700 cooptatio

369 2726 449 2784 faeta
472 2725 512 2782 sit
533 2743 655 2783 necesse
678 2731 732 2783 est.
771 2722 948 2802 Cogitabam
970 2725 1006 2784 de
1029 2725 1150 2784 Nerone
1167 2723 1337 2784 Germanici
1360 2726 1433 2796 filio,
1456 2745 1547 2801 quem
1571 2727 1691 2785 sodalem

369 2827 568 2904 Augustalem
591 2827 687 2886 fuisse
709 2827 826 2902 lapides
850 2826 945 2886 Orell.
965 2827 1034 2887 663.
1058 2826 1148 2886 2366.
1172 2827 1263 2888 2368.
1286 2827 1311 2886 Ι.
1334 2827 1373 2887 Ν.
1398 2827 1477 2887 2213
1503 2831 1623 2901 doceut;
1646 2829 1691 2887 sed

368 2932 447 2989 hunc
473 2930 668 3005 probabiliter
695 2949 762 2988 cum
789 2951 815 2989 a.
838 2949 866 3006 p.
892 2929 962 2990 Chr.
986 2931 1025 2988 20
1048 2939 1148 3008 togam
1174 2931 1290 2989 virilem
1314 2941 1444 2990 sumeret
1467 2932 1557 3008 (Tac.
1580 2932 1689 2999 1553,

370 3032 423 3108 29)
452 3033 483 3090 15
510 3033 608 3091 1ο1515
638 3030 811 3091 Germanici
841 3033 935 3109 patris
963 3052 990 3092 a.
1017 3033 1052 3091 19
1081 3033 1212 3092 defuncti
1245 3033 1402 3092 suffectum
1432 3052 1500 3093 esse
1529 3043 1628 3094 mouet
1651 3052 1690 3090 me

369 3136 549 3206 Mommsen3
572 3135 673 3210 potius
696 3135 727 3192 in
749 3137 891 3194 honorem
909 3135 1002 3193 Drusi
1020 3133 1192 3194 Germanici
1214 3136 1267 3194 filii
1290 3136 1424 3207 alteriue,
1447 3156 1536 3212 quem
1554 3147 1583 3196 et
1604 3143 1688 3214 ipsum

368 3238 399 3296 id
427 3236 626 3295 sacerdotium
658 3239 801 3296 habuisse
835 3220 1096 3312 constat‘(0relli
1125 3238 1214 3314 667),
1242 3259 1308 3297 1515
1335 3259 1362 3298 a.
1386 3237 1424 3296 23
1454 3249 1557 3318 togam
1587 3239 1687 3298 virilem

368 3349 498 3400 sumeret
520 3338 608 3414 (Tac.
624 3359 691 3398 ann.
708 3341 737 3411 4,
754 3341 797 3416 4),
820 3341 991 3399 vicesimam
1015 3350 1131 3400 sextam
1155 3341 1301 3400 sodalium
1318 3343 1532 3419 Augustalium
1549 3341 1686 3402 decuriam

369 3461 437 3502 csse
458 3441 633 3501 institutam.

451 3544 518 3602 Has
541 3552 662 3604 cunctas
689 3563 737 3603 res
766 3564 841 3622 quas
864 3545 990 3621 exposui
1015 3547 1039 3604 si
1063 3546 1132 3622 quis
1155 3556 1290 3606 accurate
1311 3549 1518 3624 perpenderit,
1548 3568 1612 3607 eum
1638 3563 1686 3604 nou

368 3649 569 3707 dubitaturum
593 3665 659 3706 esse
682 3666 770 3723 spero
793 3649 865 3724 quin
887 3650 917 3706 in
941 3649 1042 3707 tabula
1064 3647 1244 3708 Gruteriana
1265 3668 1294 3724 p.
1312 3650 1414 3722 300,1
1443 3650 1588 3710 fastorum
1609 3649 1686 3708 soda-

366 3753 439 3809 lium
462 3751 676 3828 Augustalium
704 3769 775 3827 pars
803 3752 891 3810 nobis
920 3751 960 3809 sit
988 3761 1115 3810 servata.
1159 3751 1277 3810 Tabula
1307 3759 1404 3810 autem
1427 3753 1631 3812 Muratoriana
1655 3748 1686 3806 de

367 3875 426 3932 qua
447 3873 538 3930 supra
560 3853 623 3912 dixi
645 3854 762 3911 cuinam
778 3854 906 3932 collegio
930 3853 968 3912 sit
990 3855 1187 3928 attribuenda,
1211 3873 1277 3912 cum
1299 3873 1397 3930 neque
1420 3857 1458 3913 ad
1480 3874 1609 3933 augures
1630 3851 1685 3910 eius

364 3956 539 4016 referendae
565 3975 661 4032 neque
688 3957 726 4014 ad
752 3957 828 4015 alios
858 3963 955 4015 certos
984 3957 1154 4015 sacerdotes
1184 3975 1305 4016 causam
1332 3957 1422 4016 ullam
1450 3959 1577 4030 videam,
1599 3957 1627 4014 iu
1648 3952 1684 4010 in·

366 4068 446 4118 certo
468 4060 541 4118 mihi
562 4058 788 4134 relinquendum
811 4067 865 4118 est.

444 4305 466 4368 ¹)
488 4307 519 4356 ct'.
538 4307 591 4356 Dio
611 4308 655 4368 49,
672 4307 713 4356 16.
