3596 6040
375 607 444 676 166
960 616 1109 678 numana

367 801 521 876 exportari
547 799 666 858 solitum
695 818 772 858 esse.
817 801 916 876 Atque
943 808 1065 877 propter
1092 799 1214 858 rnetalla
1241 809 1274 857 ut
1300 798 1410 856 multas
1435 798 1510 856 alias
1533 795 1689 869 Hispaniae

367 903 505 980 regiones
528 903 571 959 ita
592 902 676 960 illam
697 921 815 979 quoque
837 921 928 978 quam
950 902 1014 960 dixi
1036 903 1200 978 antiquitus
1224 902 1332 960 cultam
1356 900 1449 958 videri
1471 899 1501 958 id
1524 899 1622 976 ipsum
1644 895 1687 952 dc-

366 1013 414 1062 cet
435 1023 544 1062 novum
566 1014 726 1081 repertum,
750 1005 786 1062 de
809 1005 948 1081 quoiam
971 1013 1092 1063 acturus
1116 1023 1192 1063 sum.

450 1105 530 1164 Vere
553 1108 630 1164 enim
653 1105 723 1164 anni
737 1104 1019 1195 unccouxxvr
1036 1107 1067 1164 in
1090 1107 1263 1165 aerifodinis
1279 1108 1415 1178 vetustis,
1439 1107 1507 1164 sitis
1529 1105 1591 1163 illis
1606 1120 1690 1179 prope

368 1209 509 1282 Ap'aeaet
535 1209 633 1267 vicum
660 1227 747 1285 quem
775 1208 854 1280 dixi,
888 1228 964 1284 quae
992 1229 1088 1285 nuper
1115 1211 1233 1267 demum
1261 1228 1279 1265 a
1307 1211 1448 1268 societate
1481 1207 1691 1283 negotiatorum

370 1311 491 1387 (nomen
519 1312 546 1368 ei
569 1319 615 1369 cst
638 1311 668 1368 la
690 1315 855 1387 compaqaie
876 1313 910 1370 de
929 1313 1097 1370 miseration
1120 1311 1318 1387 transtapane)
1345 1313 1443 1370 denuo
1466 1310 1556 1369 effodi
1578 1315 1692 1381 coeptae

370 1423 449 1486 sunt,
471 1422 590 1490 reperta
612 1421 658 1471 est
679 1414 783 1471 tabula
804 1434 899 1472 aenea
920 1414 982 1471 alta
1001 1413 1083 1485 011,
1105 1414 1167 1472 lata
1183 1414 1264 1487 0.53‚
1287 1432 1389 1473 crassa
1404 1413 1474 1472 0.08
1498 1409 1691 1469 adoniam.

369 1519 519 1573 Accurata
541 1517 577 1574 de
598 1517 767 1574 inventione
789 1516 895 1574 relatio
919 1516 1122 1589 desideratum
1146 1537 1215 1575 num
1239 1535 1309 1593 spes
1332 1515 1464 1592 supersit
1485 1515 1574 1592 plura
1595 1513 1692 1571 eodem

368 1618 435 1675 loco
462 1618 618 1694 detegendi
647 1619 767 1694 aliaque
796 1619 871 1677 scitu
899 1639 958 1677 non
986 1619 1111 1696 indigna
1139 1619 1265 1677 velimus
1298 1619 1454 1677 nobiscum
1477 1613 1693 1675 communicari.

368 1721 489 1778 Tabula
522 1723 638 1797 integra
679 1729 725 1779 est
761 1739 890 1796 superne
926 1729 956 1780 et
991 1722 1086 1795 inira,
1124 1722 1194 1781 item
1227 1742 1245 1779 a
1276 1721 1368 1779 latere
1399 1721 1500 1789 laev03
1538 1739 1558 1777 a
1594 1717 1692 1774 dextro

368 1843 475 1882 manca
501 1831 546 1882 est
572 1825 623 1894 ita,
655 1831 688 1882 ut
714 1824 890 1900 scripturae,
924 1843 1013 1900 quem
1040 1824 1181 1896 continet,
1215 1824 1293 1882 desit
1319 1825 1423 1882 clavus
1451 1831 1597 1898 angustus
1622 1819 1693 1876 latus

368 1927 483 1985 circiter
505 1925 577 1985 0.15
600 1946 639 1984 rn.
683 1925 758 1983 Eius
785 1926 847 1986 fere
873 1946 941 1984 eurn
968 1926 1060 1986 fuisse
1087 1945 1244 1986 mensurae
1270 1934 1352 1985 certa
1377 1925 1610 1984 ratiocinatione
1637 1921 1692 1978 effi·

368 2031 452 2088 citur.
496 2030 575 2086 Miro
598 2028 676 2086 enirn
700 2047 773 2087 casu
795 2029 914 2100 accidit,
938 2038 970 2086 nt
991 2030 1095 2087 tabula
1116 2050 1134 2087 a
1155 2030 1271 2106 postica
1297 2048 1417 2106 quoque
1443 2037 1527 2104 parte
1557 2025 1695 2100 inscripta

368 2133 408 2190 sit
434 2132 544 2190 eisdem
572 2149 667 2206 paene
694 2131 794 2189 verbis
818 2132 925 2208 quibus
952 2132 1059 2200 antica,
1083 2133 1136 2190 sed
1159 2132 1294 2189 versibus
1316 2131 1431 2189 ratione
1452 2130 1557 2208 paullo
1584 2127 1694 2186 diverse

367 2234 532 2311 dispositis.
576 2233 738 2292 Praeterea
764 2251 834 2310 pars
862 2234 961 2292 antica
985 2233 1072 2292 initio
1099 2235 1237 2293 undecim
1264 2251 1369 2292 versus
1398 2234 1467 2308 plus
1493 2233 1586 2291 habet
1611 2247 1693 2306 quam

367 2337 494 2412 postica,
521 2337 637 2412 postica
664 2356 735 2394 vero
762 2337 792 2394 in
814 2336 873 2394 fine
895 2337 965 2413 plus
992 2347 1105 2413 septem
1126 2355 1215 2412 quarn
1238 2337 1345 2395 antica.
1389 2334 1464 2393 Hiat
1485 2343 1587 2393 autem
1609 2331 1694 2409 posti-

367 2459 419 2497 cae
446 2439 618 2515 exemplum
646 2438 763 2496 lacunis
791 2439 997 2516 compluribus
1024 2440 1184 2515 insuntque
1214 2441 1241 2498 ei
1267 2441 1341 2498 vitia
1368 2438 1514 2496 nonnulla
1543 2435 1695 2495 scribendi.

367 2541 508 2600 Lacunae
531 2550 602 2600 sunt
622 2541 653 2599 in
676 2561 722 2598 vr.
747 2541 881 2616 posticae
900 2543 913 2597 1
933 2541 1095 2624 791011
1115 2541 1168 2614 tn
1195 2551 1351 2619 praeterea
1377 2541 1495 2617 sculpta
1523 2552 1597 2598 sunt
1616 2560 1642 2598 v.
1660 2537 1692 2594 16

367 2661 437 2720 caps
460 2663 515 2718 pro
537 2662 639 2719 capere
661 2645 787 2715 anticas,
811 2663 838 2702 v.
862 2643 901 2700 20
920 2663 968 2720 pr.
985 2643 1024 2700 lca
1047 2663 1101 2720 pro
1120 2665 1167 2720 pr.
1190 2645 1209 2702 lc
1231 2663 1332 2703 errore
1354 2662 1426 2702 sane
1449 2643 1587 2718 proclivi,
1610 2663 1637 2701 v.
1660 2639 1692 2696 23

367 2747 459 2821 officis
486 2765 541 2820 pro
565 2747 665 2821 officis,
694 2766 720 2805 v.
737 2747 777 2804 40
800 2751 943 2805 curaverit
964 2766 1018 2822 pro
1041 2751 1212 2805 curaverint.
1256 2747 1373 2805 Deinde
1394 2747 1527 2824 posticae
1552 2746 1693 2820 scriptura

365 2848 397 2905 in
420 2849 662 2923 compendiorum
685 2866 742 2907 usu
764 2849 893 2925 aliisque
916 2850 1096 2924 quibusdam
1122 2851 1256 2908 minutiis
1284 2852 1322 2910 ab
1348 2851 1463 2908 anticas
1486 2850 1598 2920 differt,
1626 2865 1695 2923 quae

367 2950 445 3011 infra
477 2951 705 3011 adnotabuntur.
760 2954 898 3029 Apparet
932 2954 1025 3031 igitur
1058 2955 1283 3031 quadratarium
1319 2954 1447 3012 fortasse
1482 2952 1692 3030 provincialem
1779 2973 1780 2982 ¹

366 3057 499 3115 libellum
522 3057 676 3132 scriptum,
699 3075 785 3132 quern
808 3058 973 3134 sculpendo
990 3075 1192 3133 expressurus
1208 3065 1281 3127 erat,
1304 3075 1363 3114 non
1379 3057 1489 3134 ubique
1511 3055 1693 3115 intellexisse

366 3170 395 3218 et
420 3169 582 3236 propterea
602 3161 680 3218 inter
702 3159 898 3236 sculpendum
921 3179 1044 3236 pessum
1067 3161 1196 3220 dedisse.
1239 3160 1288 3220 Ne
1309 3181 1380 3220 vero
1403 3162 1541 3238 perderet
1569 3155 1693 3218 assirim

365 3264 547 3340 laevigatam
581 3271 610 3319 et
641 3262 672 3318 in
706 3271 818 3321 certam
849 3265 977 3322 formam
1010 3264 1219 3322 circumcisum
1253 3265 1341 3322 vertit
1372 3263 1504 3322 tabulam
1540 3269 1694 3335 textusque

366 3373 481 3440 partem
509 3366 540 3422 in
569 3382 676 3423 aversa
704 3365 783 3424 male
814 3367 995 3443 insculptam
1027 3368 1166 3442 repetivit
1197 3367 1299 3425 libello
1332 3365 1450 3424 interim
1483 3364 1593 3423 melius
1625 3363 1694 3420 lecto

366 3479 455 3542 atque
490 3467 651 3525 intellecto.
711 3465 788 3526 Cum
824 3486 901 3544 quae
937 3469 968 3525 in
1004 3469 1123 3544 postica
1154 3477 1240 3546 parte
1273 3468 1385 3545 scripta
1420 3475 1490 3526 sunt
1521 3487 1585 3526 non
1617 3483 1693 3543 pror·

367 3587 419 3627 sus
446 3569 647 3646 respondeant
674 3569 718 3628 eis
745 3588 822 3645 quae
849 3570 949 3628 antica
975 3572 1074 3642 habet,
1103 3580 1228 3648 apparet
1255 3571 1471 3629 restitutionem
1499 3587 1556 3645 per
1583 3567 1693 3627 tabulas

365 3672 529 3748 paginasve
560 3672 661 3749 plures
687 3673 881 3750 pertinuisse.
925 3673 972 3729 lta
997 3673 1088 3750 igitur
1117 3673 1224 3731 accidit
1251 3681 1283 3730 nt
1310 3691 1387 3749 quse
1414 3672 1523 3729 desunt
1549 3691 1568 3729 a
1595 3671 1692 3729 dextro

364 3774 458 3832 latere
488 3794 628 3833 versuum
661 3775 848 3850 singulorum
877 3775 1043 3849 particulae
1077 3775 1210 3852 suppleri
1242 3776 1359 3850 possint
1392 3791 1500 3850 magna
1521 3750 1573 3832 'ex
1606 3782 1691 3850 parte.

364 3876 502 3955 Duorum
524 3895 664 3936 versuum
692 3877 756 3952 (15.
783 3878 835 3952 16)
861 3897 899 3934 ne
924 3897 985 3934 una
1012 3878 1130 3953 quidem
1160 3878 1261 3935 littera
1287 3876 1388 3953 periit3
1417 3876 1545 3935 aliorum
1573 3877 1693 3934 duorum

366 3979 429 4054 (17.
449 3979 501 4054 31)
525 3981 584 4038 duc
606 3988 720 4038 tantum
743 3987 852 4038 tresve.
896 3980 933 4037 In
956 3980 1095 4038 versibus
1117 3979 1178 4037 illis
1201 3980 1289 4055 plene
1312 3979 1438 4038 servatis
1461 3978 1563 4037 insunt
1585 3979 1694 4036 litterae

365 4081 470 4156 viginti
492 4099 548 4139 sex
570 4082 608 4139 ad
630 4082 754 4160 triginta
775 4089 805 4138 et
826 4101 929 4153 unam3
955 4081 1137 4157 reliquorum
1166 4082 1258 4158 igitur
1284 4080 1517 4158 supplendorum
1541 4101 1610 4138 eum
1631 4078 1693 4137 inde

365 4184 566 4241 nanciscimur
592 4184 723 4252 modum,
750 4192 783 4242 ut
809 4183 889 4242 intra
916 4184 1041 4260 triginta
1066 4184 1133 4258 plus
1161 4184 1259 4242 minus
1282 4185 1398 4242 litteras
1422 4183 1631 4261 supplementa
1650 4200 1694 4240 ne·

366 4285 498 4343 cessario
533 4303 567 4343 se
599 4287 751 4344 continere
784 4285 921 4344 debeant.
966 4287 1115 4345 Incertum
1148 4306 1219 4344 vero
1252 4295 1311 4358 est,
1344 4305 1414 4342 num
1449 4304 1485 4342 ea
1518 4286 1587 4343 sola
1613 4301 1694 4359 quarn

366 4386 430 4443 dixi
457 4387 623 4462 scripturae
649 4388 796 4464 particula
821 4390 852 4447 in
879 4389 999 4447 tabulae
1024 4388 1155 4446 fractura
1177 4389 1311 4465 perierit3
1341 4394 1459 4464 poterat
1481 4387 1560 4446 enirn
1581 4387 1635 4444 illa
1655 4387 1695 4443 in·
1774 4431 1775 4472 ἒ

367 4488 478 4565 scripta
499 4507 567 4548 esse
588 4491 709 4566 paginis
732 4491 917 4550 columnisve
939 4491 1055 4549 duabus
1078 4491 1263 4566 pluribusve,
1286 4490 1367 4566 quod
1387 4491 1498 4548 factum
1516 4490 1651 4548 videmus
1667 4487 1694 4543 iu

293 4577 295 4582 ⁵
365 4592 571 4649 instrumentis
598 4611 637 4650 ex
659 4591 828 4668 Hispaniae
856 4593 922 4652 solo
949 4594 1042 4651 erutis
1069 4593 1203 4668 reliquis,
1230 4593 1261 4650 in
1291 4593 1402 4651 tabulis
1429 4592 1613 4650 Malacitana
1635 4588 1693 4649 Sal-

365 4710 502 4768 pensana
516 4691 751 4754 Ursonensibus.
779 4695 886 4772 Itaque
901 4697 928 4752 is
944 4714 1032 4772 quem
1048 4714 1087 4753 ex
1102 4696 1251 4771 scriptura
1265 4699 1359 4771 partis
1375 4695 1491 4752 anticas
1506 4695 1695 4770 posticaeque

367 4795 529 4854 coniuncta
554 4795 755 4855 nanciscimur
783 4804 884 4856 textus
912 4815 1053 4856 versuum
1080 4798 1240 4873 sexaginta
1265 4797 1330 4854 fieri
1356 4804 1456 4872 potest
1482 4806 1515 4853 ut
1546 4815 1586 4854 ne
1612 4794 1693 4852 unius

367 4898 487 4971 quidem
509 4899 630 4957 tabulae
651 4900 767 4978 integer
789 4899 836 4958 sit.
879 4900 1006 4958 Accedit
1031 4901 1111 4976 quod
1136 4900 1166 4958 in
1189 4906 1273 4976 parte
1301 4899 1401 4957 antica
1421 4899 1482 4956 ima
1503 4917 1522 4954 a
1542 4897 1632 4955 laeva
1652 4896 1693 4953 in·

367 4999 500 5076 sculptus
527 5010 574 5060 est
605 5020 748 5060 numerus
773 5001 830 5060 Ill.
874 5001 1009 5060 Tabulae
1042 5001 1134 5078 igitur
1159 5002 1175 5059 I
1202 5009 1231 5059 et
1258 5001 1289 5059 Il
1322 5001 1476 5058 minimum
1509 4999 1694 5064 interierunt;

366 5121 437 5159 num
464 5111 534 5177 post
558 5103 676 5163 tertiam
705 5106 737 5162 in
759 5103 820 5162 alia
845 5104 951 5163 aliisve
973 5111 1128 5182 praeterea
1152 5105 1302 5179 scriptura
1323 5103 1496 5161 continuata
1516 5100 1609 5160 suerit
1629 5096 1693 5158 sciri
1772 5133 1773 5136 =

366 5203 479 5278 nequit.
522 5204 685 5265 Foramina
712 5206 846 5264 clavibus
871 5207 999 5283 figendis
1026 5206 1175 5264 destinata
1202 5206 1233 5263 in
1265 5205 1449 5283 marginibus
1484 5204 1637 5280 superiore
1668 5207 1694 5255 et
1772 5205 1773 5214 ’

366 5303 518 5379 inferiore,
539 5307 611 5366 item
632 5309 663 5365 in
686 5309 818 5382 sinistre,
841 5310 963 5384 singula
977 5315 1147 5386 supersunt,
1169 5309 1214 5366 ita
1228 5316 1328 5366 tamen
1343 5307 1501 5385 disposita,
1524 5315 1557 5364 ut
1578 5304 1655 5363 infra
1668 5308 1694 5358 et
