<?xml version="1.0" encoding="UTF-8"?>
<!DOCTYPE html PUBLIC "-//W3C//DTD XHTML 1.0 Transitional//EN"
    "http://www.w3.org/TR/xhtml1/DTD/xhtml1-transitional.dtd">
<html xmlns="http://www.w3.org/1999/xhtml" xml:lang="en" lang="en">
 <head>
  <title>
</title>
<meta http-equiv="Content-Type" content="text/html;charset=utf-8" />
  <meta name='ocr-system' content='tesseract 3.04.00' />
  <meta name='ocr-capabilities' content='ocr_page ocr_carea ocr_par ocr_line ocrx_word'/>
</head>
<body>
  <div class='ocr_page' id='page_1' title='image "./ephemerisepigra13instgoog_0126.png"; bbox 0 0 3596 6040; ppageno 0'>
   <div class='ocr_carea' id='block_1_1' title="bbox 646 629 962 680">
    <p class='ocr_par' dir='ltr' id='par_1_1' title="bbox 646 629 962 680">
     <span class='ocr_line' id='line_1_1' title="bbox 646 629 962 680; baseline 0 -1"><span class='ocrx_word' id='word_1_1' title='bbox 646 629 962 680; x_wconf 82' lang='lat' dir='ltr'><strong>BRITANNICARVM.</strong></span> 
     </span>
    </p>
   </div>
   <div class='ocr_carea' id='block_1_2' title="bbox 137 800 1027 879">
    <p class='ocr_par' dir='ltr' id='par_1_2' title="bbox 137 800 1027 879">
     <span class='ocr_line' id='line_1_2' title="bbox 137 800 1027 879; baseline 0.001 -21"><span class='ocrx_word' id='word_1_2' title='bbox 137 800 185 860; x_wconf 79' lang='lat'>54</span> <span class='ocrx_word' id='word_1_3' title='bbox 207 803 276 875; x_wconf 88' lang='lat' dir='ltr'>(ins.</span> <span class='ocrx_word' id='word_1_4' title='bbox 299 813 368 860; x_wconf 87' lang='lat' dir='ltr'>ante</span> <span class='ocrx_word' id='word_1_5' title='bbox 390 821 418 862; x_wconf 91' lang='lat' dir='ltr'>n.</span> <span class='ocrx_word' id='word_1_6' title='bbox 436 801 498 876; x_wconf 81' lang='lat'>65).</span> <span class='ocrx_word' id='word_1_7' title='bbox 544 801 619 879; x_wconf 80' lang='lat' dir='ltr'>Rep.</span> <span class='ocrx_word' id='word_1_8' title='bbox 642 803 673 860; x_wconf 91' lang='lat' dir='ltr'>in</span> <span class='ocrx_word' id='word_1_9' title='bbox 698 803 870 862; x_wconf 70' lang='lat' dir='ltr'>OEreaceater</span> <span class='ocrx_word' id='word_1_10' title='bbox 893 822 919 860; x_wconf 88' lang='lat' dir='ltr'>a.</span> <span class='ocrx_word' id='word_1_11' title='bbox 940 802 1027 860; x_wconf 97' lang='grc'><strong>1871.</strong></span> 
     </span>
    </p>
   </div>
   <div class='ocr_carea' id='block_1_3' title="bbox 708 1041 887 1186">
    <p class='ocr_par' dir='ltr' id='par_1_3' title="bbox 708 1041 887 1186">
     <span class='ocr_line' id='line_1_3' title="bbox 708 1041 887 1085; baseline 0.006 -1"><span class='ocrx_word' id='word_1_12' title='bbox 708 1041 887 1085; x_wconf 77' lang='lat' dir='ltr'>SILVANO</span> 
     </span>
     <span class='ocr_line' id='line_1_4' title="bbox 708 1143 886 1186; baseline -0.011 0"><span class='ocrx_word' id='word_1_13' title='bbox 708 1143 886 1186; x_wconf 74' lang='lat' dir='ltr'>snatnlvs</span> 
     </span>
    </p>
   </div>
   <div class='ocr_carea' id='block_1_4' title="bbox 695 1242 900 1326">
    <p class='ocr_par' dir='ltr' id='par_1_4' title="bbox 695 1242 900 1326">
     <span class='ocr_line' id='line_1_5' title="bbox 708 1242 885 1288; baseline -0.006 -2"><span class='ocrx_word' id='word_1_14' title='bbox 708 1242 885 1288; x_wconf 77' lang='lat' dir='ltr'>MAXIMVS</span> 
     </span>
     <span class='ocr_line' id='line_1_6' title="bbox 695 1298 900 1326; baseline 0 -5"><span class='ocrx_word' id='word_1_15' title='bbox 695 1298 900 1326; x_wconf 50' lang='lat' dir='ltr'>mnf*</span> 
     </span>
    </p>
   </div>
   <div class='ocr_carea' id='block_1_5' title="bbox 174 1469 1050 1546">
    <p class='ocr_par' dir='ltr' id='par_1_5' title="bbox 174 1469 1050 1546">
     <span class='ocr_line' id='line_1_7' title="bbox 174 1469 1050 1546; baseline 0 -18"><span class='ocrx_word' id='word_1_16' title='bbox 174 1472 220 1530; x_wconf 94' lang='lat' dir='ltr'>W.</span> <span class='ocrx_word' id='word_1_17' title='bbox 236 1471 294 1528; x_wconf 89' lang='lat' dir='ltr'>Th.</span> <span class='ocrx_word' id='word_1_18' title='bbox 311 1471 452 1529; x_wconf 88' lang='lat' dir='ltr'>Watkin</span> <span class='ocrx_word' id='word_1_19' title='bbox 474 1471 618 1529; x_wconf 85' lang='lat' dir='ltr'>areloaol.</span> <span class='ocrx_word' id='word_1_20' title='bbox 634 1471 734 1543; x_wconf 83' lang='lat' dir='ltr'>jooro.</span> <span class='ocrx_word' id='word_1_21' title='bbox 759 1471 808 1541; x_wconf 88' lang='lat'>31,</span> <span class='ocrx_word' id='word_1_22' title='bbox 835 1470 913 1527; x_wconf 91' lang='grc'><strong>1874</strong></span> <span class='ocrx_word' id='word_1_23' title='bbox 936 1491 963 1546; x_wconf 92' lang='lat' dir='ltr'>p.</span> <span class='ocrx_word' id='word_1_24' title='bbox 982 1469 1050 1528; x_wconf 80' lang='lat'><strong>346.</strong></span> 
     </span>
    </p>
   </div>
   <div class='ocr_carea' id='block_1_6' title="bbox 129 1677 1461 1857">
    <p class='ocr_par' dir='ltr' id='par_1_6' title="bbox 129 1677 1461 1857">
     <span class='ocr_line' id='line_1_8' title="bbox 129 1677 1461 1753; baseline -0.002 -15"><span class='ocrx_word' id='word_1_25' title='bbox 129 1681 179 1738; x_wconf 84' lang='lat' dir='ltr'>Ad</span> <span class='ocrx_word' id='word_1_26' title='bbox 200 1700 229 1738; x_wconf 90' lang='lat' dir='ltr'>n.</span> <span class='ocrx_word' id='word_1_27' title='bbox 247 1679 387 1739; x_wconf 69' lang='lat'>67-71.</span> <span class='ocrx_word' id='word_1_28' title='bbox 425 1679 518 1737; x_wconf 84' lang='lat' dir='ltr'><strong>Tituli</strong></span> <span class='ocrx_word' id='word_1_29' title='bbox 542 1700 569 1737; x_wconf 91' lang='lat' dir='ltr'>n.</span> <span class='ocrx_word' id='word_1_30' title='bbox 588 1679 625 1737; x_wconf 89' lang='grc'>67</span> <span class='ocrx_word' id='word_1_31' title='bbox 642 1679 725 1736; x_wconf 87' lang='grc'><strong>8169</strong></span> <span class='ocrx_word' id='word_1_32' title='bbox 749 1687 906 1737; x_wconf 86' lang='lat' dir='ltr'>servantur</span> <span class='ocrx_word' id='word_1_33' title='bbox 924 1698 1004 1736; x_wconf 89' lang='lat' dir='ltr'>nune</span> <span class='ocrx_word' id='word_1_34' title='bbox 1023 1679 1054 1736; x_wconf 94' lang='lat' dir='ltr'>in</span> <span class='ocrx_word' id='word_1_35' title='bbox 1075 1695 1178 1736; x_wconf 88' lang='lat' dir='ltr'>museo</span> <span class='ocrx_word' id='word_1_36' title='bbox 1195 1677 1337 1736; x_wconf 82' lang='lat' dir='ltr'>Glevenai</span> <span class='ocrx_word' id='word_1_37' title='bbox 1353 1678 1461 1753; x_wconf 80' lang='lat' dir='ltr'>(Glan-</span> 
     </span>
     <span class='ocr_line' id='line_1_9' title="bbox 173 1779 1461 1857; baseline -0.002 -17"><span class='ocrx_word' id='word_1_38' title='bbox 173 1782 288 1857; x_wconf 60' lang='grc'><strong>88818),</strong></span> <span class='ocrx_word' id='word_1_39' title='bbox 316 1803 344 1840; x_wconf 93' lang='lat' dir='ltr'>n.</span> <span class='ocrx_word' id='word_1_40' title='bbox 361 1780 408 1839; x_wconf 84' lang='grc'><strong>68.</strong></span> <span class='ocrx_word' id='word_1_41' title='bbox 432 1781 480 1838; x_wconf 89' lang='grc'>70.</span> <span class='ocrx_word' id='word_1_42' title='bbox 502 1781 537 1838; x_wconf 98' lang='grc'><strong>71</strong></span> <span class='ocrx_word' id='word_1_43' title='bbox 562 1782 593 1838; x_wconf 92' lang='lat' dir='ltr'>in</span> <span class='ocrx_word' id='word_1_44' title='bbox 616 1799 718 1838; x_wconf 87' lang='lat' dir='ltr'>museo</span> <span class='ocrx_word' id='word_1_45' title='bbox 741 1781 1019 1838; x_wconf 86' lang='lat' dir='ltr'>Durocornoviensi</span> <span class='ocrx_word' id='word_1_46' title='bbox 1043 1779 1259 1855; x_wconf 64' lang='lat' dir='ltr'>(Continentur),</span> <span class='ocrx_word' id='word_1_47' title='bbox 1287 1789 1320 1838; x_wconf 92' lang='lat' dir='ltr'>ut</span> <span class='ocrx_word' id='word_1_48' title='bbox 1345 1783 1461 1839; x_wconf 91' lang='lat' dir='ltr'>monuit</span> 
     </span>
    </p>
   </div>
   <div class='ocr_carea' id='block_1_7' title="bbox 172 1883 475 1942">
    <p class='ocr_par' dir='ltr' id='par_1_7' title="bbox 172 1883 475 1942">
     <span class='ocr_line' id='line_1_10' title="bbox 172 1883 475 1942; baseline -0.003 -1"><span class='ocrx_word' id='word_1_49' title='bbox 172 1885 219 1942; x_wconf 91' lang='lat' dir='ltr'>W.</span> <span class='ocrx_word' id='word_1_50' title='bbox 242 1884 301 1942; x_wconf 90' lang='lat' dir='ltr'>Th.</span> <span class='ocrx_word' id='word_1_51' title='bbox 325 1883 475 1942; x_wconf 87' lang='lat' dir='ltr'>Watkin.</span> 
     </span>
    </p>
   </div>
   <div class='ocr_carea' id='block_1_8' title="bbox 128 2091 1458 2254">
    <p class='ocr_par' dir='ltr' id='par_1_8' title="bbox 128 2091 1458 2254">
     <span class='ocr_line' id='line_1_11' title="bbox 128 2091 1458 2167; baseline -0.002 -16"><span class='ocrx_word' id='word_1_52' title='bbox 128 2094 179 2151; x_wconf 86' lang='lat' dir='ltr'>Ad</span> <span class='ocrx_word' id='word_1_53' title='bbox 201 2115 229 2151; x_wconf 91' lang='lat' dir='ltr'>n.</span> <span class='ocrx_word' id='word_1_54' title='bbox 248 2094 304 2152; x_wconf 85' lang='grc'>74.</span> <span class='ocrx_word' id='word_1_55' title='bbox 350 2092 469 2153; x_wconf 84' lang='lat' dir='ltr'>Servari</span> <span class='ocrx_word' id='word_1_56' title='bbox 493 2093 624 2152; x_wconf 91' lang='lat' dir='ltr'>nuncin</span> <span class='ocrx_word' id='word_1_57' title='bbox 652 2091 844 2150; x_wconf 81' lang='lat' dir='ltr'>Wutereomha</span> <span class='ocrx_word' id='word_1_58' title='bbox 871 2093 986 2163; x_wconf 80' lang='lat' dir='ltr'>Houaa,</span> <span class='ocrx_word' id='word_1_59' title='bbox 1015 2092 1135 2167; x_wconf 71' lang='lat' dir='ltr'>Bialuy,</span> <span class='ocrx_word' id='word_1_60' title='bbox 1158 2091 1204 2150; x_wconf 91' lang='lat' dir='ltr'>W.</span> <span class='ocrx_word' id='word_1_61' title='bbox 1233 2091 1290 2149; x_wconf 87' lang='lat' dir='ltr'>Th.</span> <span class='ocrx_word' id='word_1_62' title='bbox 1316 2092 1458 2150; x_wconf 87' lang='lat' dir='ltr'>Watkin</span> 
     </span>
     <span class='ocr_line' id='line_1_12' title="bbox 170 2205 305 2254; baseline -0.007 0"><span class='ocrx_word' id='word_1_63' title='bbox 170 2205 305 2254; x_wconf 84' lang='lat' dir='ltr'>testatur.</span> 
     </span>
    </p>
   </div>
   <div class='ocr_carea' id='block_1_9' title="bbox 127 2402 1228 2694">
    <p class='ocr_par' dir='ltr' id='par_1_9' title="bbox 127 2402 1228 2694">
     <span class='ocr_line' id='line_1_13' title="bbox 127 2402 1063 2482; baseline 0.002 -22"><span class='ocrx_word' id='word_1_64' title='bbox 127 2404 177 2461; x_wconf 88' lang='lat' dir='ltr'>Ad</span> <span class='ocrx_word' id='word_1_65' title='bbox 197 2402 300 2463; x_wconf 66' lang='grc'><strong>1175.</strong></span> <span class='ocrx_word' id='word_1_66' title='bbox 346 2403 435 2462; x_wconf 85' lang='lat' dir='ltr'>Vitae</span> <span class='ocrx_word' id='word_1_67' title='bbox 458 2406 590 2482; x_wconf 88' lang='lat' dir='ltr'>spatium</span> <span class='ocrx_word' id='word_1_68' title='bbox 613 2405 654 2462; x_wconf 86' lang='lat' dir='ltr'>ita</span> <span class='ocrx_word' id='word_1_69' title='bbox 676 2405 802 2462; x_wconf 88' lang='lat' dir='ltr'>indicari</span> <span class='ocrx_word' id='word_1_70' title='bbox 825 2413 930 2462; x_wconf 88' lang='lat' dir='ltr'>contra</span> <span class='ocrx_word' id='word_1_71' title='bbox 951 2423 1063 2462; x_wconf 89' lang='lat' dir='ltr'>morem</span> 
     </span>
     <span class='ocr_line' id='line_1_14' title="bbox 363 2614 1228 2694; baseline -0.003 -19"><span class='ocrx_word' id='word_1_72' title='bbox 363 2617 460 2694; x_wconf 75' lang='lat' dir='ltr'>vta(it)</span> <span class='ocrx_word' id='word_1_73' title='bbox 483 2617 597 2692; x_wconf 82' lang='lat' dir='ltr'>oo(oia)</span> <span class='ocrx_word' id='word_1_74' title='bbox 619 2616 689 2674; x_wconf 88' lang='lat' dir='ltr'>XX</span> <span class='ocrx_word' id='word_1_75' title='bbox 706 2615 843 2692; x_wconf 79' lang='lat' dir='ltr'>m(enaea)</span> <span class='ocrx_word' id='word_1_76' title='bbox 866 2616 891 2675; x_wconf 94' lang='lat' dir='ltr'><em>V</em></span> <span class='ocrx_word' id='word_1_77' title='bbox 910 2615 999 2691; x_wconf 77' lang='lat' dir='ltr'>cl(iea)</span> <span class='ocrx_word' id='word_1_78' title='bbox 1022 2614 1228 2675; x_wconf 86' lang='lat' dir='ltr'><em>XXXVIIII</em></span> 
     </span>
    </p>
   </div>
   <div class='ocr_carea' id='block_1_10' title="bbox 122 2827 1455 3210">
    <p class='ocr_par' dir='ltr' id='par_1_10' title="bbox 122 2827 1455 3210">
     <span class='ocr_line' id='line_1_15' title="bbox 166 2827 1454 2905; baseline -0.002 -19"><span class='ocrx_word' id='word_1_79' title='bbox 166 2829 202 2886; x_wconf 84' lang='lat' dir='ltr'>F.</span> <span class='ocrx_word' id='word_1_80' title='bbox 230 2829 436 2887; x_wconf 83' lang='lat' dir='ltr'>Buecheler</span> <span class='ocrx_word' id='word_1_81' title='bbox 461 2830 491 2886; x_wconf 94' lang='lat' dir='ltr'>in</span> <span class='ocrx_word' id='word_1_82' title='bbox 522 2846 649 2887; x_wconf 87' lang='lat' dir='ltr'>censura</span> <span class='ocrx_word' id='word_1_83' title='bbox 676 2828 835 2886; x_wconf 90' lang='lat' dir='ltr'>voluminis</span> <span class='ocrx_word' id='word_1_84' title='bbox 863 2827 926 2886; x_wconf 93' lang='lat' dir='ltr'>VII</span> <span class='ocrx_word' id='word_1_85' title='bbox 952 2829 1066 2887; x_wconf 87' lang='lat' dir='ltr'>inserta</span> <span class='ocrx_word' id='word_1_86' title='bbox 1087 2828 1270 2905; x_wconf 86' lang='lat' dir='ltr'>ephemeridi</span> <span class='ocrx_word' id='word_1_87' title='bbox 1292 2828 1454 2886; x_wconf 79' lang='lat' dir='ltr'>litterariae</span> 
     </span>
     <span class='ocr_line' id='line_1_16' title="bbox 124 2930 1455 3006; baseline 0 -19"><span class='ocrx_word' id='word_1_88' title='bbox 124 2931 242 2990; x_wconf 86' lang='lat' dir='ltr'>lenensi</span> <span class='ocrx_word' id='word_1_89' title='bbox 265 2951 292 2990; x_wconf 86' lang='lat' dir='ltr'>a.</span> <span class='ocrx_word' id='word_1_90' title='bbox 318 2932 397 2989; x_wconf 86' lang='grc'><strong>1874</strong></span> <span class='ocrx_word' id='word_1_91' title='bbox 419 2950 447 3006; x_wconf 94' lang='lat' dir='ltr'>p.</span> <span class='ocrx_word' id='word_1_92' title='bbox 465 2930 504 2988; x_wconf 87' lang='grc'>46</span> <span class='ocrx_word' id='word_1_93' title='bbox 529 2931 706 3000; x_wconf 79' lang='lat' dir='ltr'>observavit,</span> <span class='ocrx_word' id='word_1_94' title='bbox 734 2949 824 3005; x_wconf 88' lang='lat' dir='ltr'>quam</span> <span class='ocrx_word' id='word_1_95' title='bbox 851 2930 899 2988; x_wconf 91' lang='lat' dir='ltr'>hie</span> <span class='ocrx_word' id='word_1_96' title='bbox 926 2930 1017 2988; x_wconf 87' lang='lat' dir='ltr'>semel</span> <span class='ocrx_word' id='word_1_97' title='bbox 1045 2930 1212 2989; x_wconf 82' lang='lat' dir='ltr'>accuratius</span> <span class='ocrx_word' id='word_1_98' title='bbox 1238 2931 1348 3002; x_wconf 86' lang='lat' dir='ltr'>indice,</span> <span class='ocrx_word' id='word_1_99' title='bbox 1376 2931 1455 2988; x_wconf 84' lang='lat' dir='ltr'>infra</span> 
     </span>
     <span class='ocr_line' id='line_1_17' title="bbox 122 3030 1453 3109; baseline -0.001 -20"><span class='ocrx_word' id='word_1_100' title='bbox 122 3034 272 3092; x_wconf 87' lang='lat' dir='ltr'>interdum</span> <span class='ocrx_word' id='word_1_101' title='bbox 295 3034 476 3090; x_wconf 87' lang='lat' dir='ltr'>memorabo.</span> <span class='ocrx_word' id='word_1_102' title='bbox 522 3030 599 3092; x_wconf 89' lang='lat' dir='ltr'>Sunt</span> <span class='ocrx_word' id='word_1_103' title='bbox 626 3033 699 3090; x_wconf 90' lang='lat' dir='ltr'>talia</span> <span class='ocrx_word' id='word_1_104' title='bbox 720 3050 779 3090; x_wconf 91' lang='lat' dir='ltr'>non</span> <span class='ocrx_word' id='word_1_105' title='bbox 807 3032 895 3090; x_wconf 90' lang='lat' dir='ltr'>nimis</span> <span class='ocrx_word' id='word_1_106' title='bbox 924 3051 992 3089; x_wconf 89' lang='lat' dir='ltr'>rara</span> <span class='ocrx_word' id='word_1_107' title='bbox 1014 3051 1109 3109; x_wconf 89' lang='lat' dir='ltr'>neque</span> <span class='ocrx_word' id='word_1_108' title='bbox 1136 3032 1268 3090; x_wconf 87' lang='lat' dir='ltr'>solemus</span> <span class='ocrx_word' id='word_1_109' title='bbox 1290 3051 1327 3089; x_wconf 89' lang='lat' dir='ltr'>ea</span> <span class='ocrx_word' id='word_1_110' title='bbox 1348 3050 1453 3089; x_wconf 85' lang='lat' dir='ltr'>curare</span> 
     </span>
     <span class='ocr_line' id='line_1_18' title="bbox 122 3133 1452 3210; baseline -0.002 -18"><span class='ocrx_word' id='word_1_111' title='bbox 122 3135 211 3194; x_wconf 88' lang='lat' dir='ltr'>nimis</span> <span class='ocrx_word' id='word_1_112' title='bbox 239 3135 357 3206; x_wconf 83' lang='lat' dir='ltr'>sedulo,</span> <span class='ocrx_word' id='word_1_113' title='bbox 384 3136 561 3210; x_wconf 85' lang='lat' dir='ltr'>praesertim</span> <span class='ocrx_word' id='word_1_114' title='bbox 590 3134 640 3193; x_wconf 93' lang='lat' dir='ltr'>ubi</span> <span class='ocrx_word' id='word_1_115' title='bbox 663 3135 699 3192; x_wconf 87' lang='lat' dir='ltr'>da</span> <span class='ocrx_word' id='word_1_116' title='bbox 721 3133 849 3192; x_wconf 85' lang='lat' dir='ltr'>lectione</span> <span class='ocrx_word' id='word_1_117' title='bbox 870 3151 930 3191; x_wconf 91' lang='lat' dir='ltr'>non</span> <span class='ocrx_word' id='word_1_118' title='bbox 953 3134 1029 3192; x_wconf 86' lang='lat' dir='ltr'>satis</span> <span class='ocrx_word' id='word_1_119' title='bbox 1051 3141 1179 3204; x_wconf 87' lang='lat' dir='ltr'>constat,</span> <span class='ocrx_word' id='word_1_120' title='bbox 1202 3143 1235 3191; x_wconf 90' lang='lat' dir='ltr'>ut</span> <span class='ocrx_word' id='word_1_121' title='bbox 1256 3133 1286 3190; x_wconf 90' lang='lat' dir='ltr'>in</span> <span class='ocrx_word' id='word_1_122' title='bbox 1308 3135 1364 3191; x_wconf 88' lang='lat' dir='ltr'>hoo</span> <span class='ocrx_word' id='word_1_123' title='bbox 1386 3134 1452 3208; x_wconf 89' lang='lat' dir='ltr'>ipso</span> 
     </span>
    </p>
   </div>
   <div class='ocr_carea' id='block_1_11' title="bbox 121 3237 216 3295">
    <p class='ocr_par' dir='ltr' id='par_1_11' title="bbox 121 3237 216 3295">
     <span class='ocr_line' id='line_1_19' title="bbox 121 3237 216 3295; baseline 0 -1"><span class='ocrx_word' id='word_1_124' title='bbox 121 3237 216 3295; x_wconf 87' lang='lat' dir='ltr'>titulo.</span> 
     </span>
    </p>
   </div>
   <div class='ocr_carea' id='block_1_12' title="bbox 121 3443 1451 3727">
    <p class='ocr_par' dir='ltr' id='par_1_12' title="bbox 121 3443 1451 3727">
     <span class='ocr_line' id='line_1_20' title="bbox 121 3443 1451 3523; baseline -0.002 -20"><span class='ocrx_word' id='word_1_125' title='bbox 121 3443 165 3503; x_wconf 81' lang='lat'>55</span> <span class='ocrx_word' id='word_1_126' title='bbox 189 3445 261 3520; x_wconf 89' lang='lat' dir='ltr'>(ins.</span> <span class='ocrx_word' id='word_1_127' title='bbox 288 3455 358 3522; x_wconf 81' lang='lat' dir='ltr'>post</span> <span class='ocrx_word' id='word_1_128' title='bbox 385 3467 413 3503; x_wconf 91' lang='lat' dir='ltr'>n.</span> <span class='ocrx_word' id='word_1_129' title='bbox 431 3446 493 3520; x_wconf 91' lang='grc'><strong>77).</strong></span> <span class='ocrx_word' id='word_1_130' title='bbox 539 3445 639 3523; x_wconf 85' lang='lat' dir='ltr'>Prope</span> <span class='ocrx_word' id='word_1_131' title='bbox 665 3445 779 3504; x_wconf 76' lang='lat' dir='ltr'>Bria-tol</span> <span class='ocrx_word' id='word_1_132' title='bbox 806 3465 832 3503; x_wconf 88' lang='lat' dir='ltr'>a.</span> <span class='ocrx_word' id='word_1_133' title='bbox 865 3446 943 3504; x_wconf 89' lang='grc'><strong>1873</strong></span> <span class='ocrx_word' id='word_1_134' title='bbox 977 3447 1008 3503; x_wconf 91' lang='lat' dir='ltr'>in</span> <span class='ocrx_word' id='word_1_135' title='bbox 1036 3445 1103 3503; x_wconf 90' lang='lat' dir='ltr'>loco</span> <span class='ocrx_word' id='word_1_136' title='bbox 1131 3445 1270 3502; x_wconf 89' lang='lat' dir='ltr'>stationis</span> <span class='ocrx_word' id='word_1_137' title='bbox 1298 3445 1451 3502; x_wconf 89' lang='lat' dir='ltr'>Romanae</span> 
     </span>
     <span class='ocr_line' id='line_1_21' title="bbox 163 3546 1449 3625; baseline 0 -21"><span class='ocrx_word' id='word_1_138' title='bbox 163 3548 260 3605; x_wconf 88' lang='lat' dir='ltr'>dictae</span> <span class='ocrx_word' id='word_1_139' title='bbox 282 3547 327 3604; x_wconf 81' lang='lat' dir='ltr'>the</span> <span class='ocrx_word' id='word_1_140' title='bbox 354 3546 413 3606; x_wconf 82' lang='lat' dir='ltr'>Sea</span> <span class='ocrx_word' id='word_1_141' title='bbox 434 3548 528 3619; x_wconf 76' lang='lat' dir='ltr'>Mllls,</span> <span class='ocrx_word' id='word_1_142' title='bbox 556 3548 594 3605; x_wconf 88' lang='lat' dir='ltr'>ad</span> <span class='ocrx_word' id='word_1_143' title='bbox 616 3548 725 3605; x_wconf 90' lang='lat' dir='ltr'>flumen</span> <span class='ocrx_word' id='word_1_144' title='bbox 749 3547 842 3618; x_wconf 84' lang='lat' dir='ltr'>Aeon,</span> <span class='ocrx_word' id='word_1_145' title='bbox 865 3547 984 3606; x_wconf 86' lang='lat' dir='ltr'>circiter</span> <span class='ocrx_word' id='word_1_146' title='bbox 1006 3567 1044 3605; x_wconf 93' lang='lat' dir='ltr'>m.</span> <span class='ocrx_word' id='word_1_147' title='bbox 1068 3567 1097 3622; x_wconf 90' lang='lat' dir='ltr'>p.</span> <span class='ocrx_word' id='word_1_148' title='bbox 1123 3547 1160 3625; x_wconf 54' lang='lat'>14</span> <span class='ocrx_word' id='word_1_149' title='bbox 1183 3548 1220 3603; x_wconf 88' lang='lat' dir='ltr'>ab</span> <span class='ocrx_word' id='word_1_150' title='bbox 1242 3547 1364 3624; x_wconf 88' lang='lat' dir='ltr'>oppido,</span> <span class='ocrx_word' id='word_1_151' title='bbox 1387 3567 1449 3622; x_wconf 89' lang='lat' dir='ltr'>rep.</span> 
     </span>
     <span class='ocr_line' id='line_1_22' title="bbox 162 3649 540 3727; baseline 0.011 -23"><span class='ocrx_word' id='word_1_152' title='bbox 162 3657 207 3707; x_wconf 87' lang='lat' dir='ltr'>est</span> <span class='ocrx_word' id='word_1_153' title='bbox 228 3649 429 3726; x_wconf 85' lang='lat' dir='ltr'>fragmentum</span> <span class='ocrx_word' id='word_1_154' title='bbox 451 3650 540 3727; x_wconf 91' lang='lat' dir='ltr'>cippi.</span> 
     </span>
    </p>
   </div>
   <div class='ocr_carea' id='block_1_13' title="bbox 691 4342 869 4386">
    <p class='ocr_par' dir='ltr' id='par_1_13' title="bbox 691 4342 869 4386">
     <span class='ocr_line' id='line_1_23' title="bbox 691 4342 869 4386; baseline -0.017 0"><span class='ocrx_word' id='word_1_155' title='bbox 691 4343 710 4386; x_wconf 87' lang='lat' dir='ltr'>C</span> <span class='ocrx_word' id='word_1_156' title='bbox 742 4342 869 4385; x_wconf 85' lang='lat' dir='ltr'><em>SENTI</em></span> 
     </span>
    </p>
   </div>
   <div class='ocr_carea' id='block_1_14' title="bbox 616 4401 951 4418">
    <p class='ocr_par' dir='ltr' id='par_1_14' title="bbox 616 4401 951 4418">
     <span class='ocr_line' id='line_1_24' title="bbox 616 4401 951 4418; baseline -0.006 -2"><span class='ocrx_word' id='word_1_157' title='bbox 616 4401 951 4418; x_wconf 53' lang='grc' dir='ltr'><strong><em>Μ</em></strong></span> 
     </span>
    </p>
   </div>
   <div class='ocr_carea' id='block_1_15' title="bbox 65 4563 1443 5336">
    <p class='ocr_par' dir='ltr' id='par_1_15' title="bbox 115 4563 1443 4744">
     <span class='ocr_line' id='line_1_25' title="bbox 158 4563 1443 4642; baseline -0.002 -20"><span class='ocrx_word' id='word_1_158' title='bbox 158 4565 317 4642; x_wconf 88' lang='lat' dir='ltr'>Descripsi</span> <span class='ocrx_word' id='word_1_159' title='bbox 341 4583 379 4622; x_wconf 88' lang='lat' dir='ltr'>ex</span> <span class='ocrx_word' id='word_1_160' title='bbox 401 4564 530 4641; x_wconf 85' lang='lat' dir='ltr'>imagine</span> <span class='ocrx_word' id='word_1_161' title='bbox 552 4565 761 4642; x_wconf 86' lang='lat' dir='ltr'>photographa</span> <span class='ocrx_word' id='word_1_162' title='bbox 781 4567 875 4626; x_wconf 88' lang='lat' dir='ltr'>missa</span> <span class='ocrx_word' id='word_1_163' title='bbox 896 4586 923 4624; x_wconf 89' lang='lat' dir='ltr'>a.</span> <span class='ocrx_word' id='word_1_164' title='bbox 948 4563 1016 4624; x_wconf 87' lang='lat' dir='ltr'>Car.</span> <span class='ocrx_word' id='word_1_165' title='bbox 1041 4565 1158 4640; x_wconf 91' lang='lat' dir='ltr'>Knight</span> <span class='ocrx_word' id='word_1_166' title='bbox 1180 4564 1331 4623; x_wconf 89' lang='lat' dir='ltr'>Watson</span> <span class='ocrx_word' id='word_1_167' title='bbox 1354 4573 1383 4622; x_wconf 80' lang='lat' dir='ltr'>et</span> <span class='ocrx_word' id='word_1_168' title='bbox 1404 4563 1443 4620; x_wconf 93' lang='lat' dir='ltr'>H.</span> 
     </span>
     <span class='ocr_line' id='line_1_26' title="bbox 115 4664 1051 4744; baseline 0.001 -21"><span class='ocrx_word' id='word_1_169' title='bbox 115 4667 155 4725; x_wconf 91' lang='lat' dir='ltr'>M.</span> <span class='ocrx_word' id='word_1_170' title='bbox 179 4665 322 4727; x_wconf 86' lang='lat' dir='ltr'>Searth.</span> <span class='ocrx_word' id='word_1_171' title='bbox 368 4664 475 4726; x_wconf 87' lang='lat' dir='ltr'>Scarth</span> <span class='ocrx_word' id='word_1_172' title='bbox 498 4667 640 4725; x_wconf 81' lang='lat' dir='ltr'>orclueol.</span> <span class='ocrx_word' id='word_1_173' title='bbox 656 4667 756 4740; x_wconf 66' lang='lat' dir='ltr'>jouin.</span> <span class='ocrx_word' id='word_1_174' title='bbox 781 4669 829 4740; x_wconf 88' lang='lat'>31,</span> <span class='ocrx_word' id='word_1_175' title='bbox 855 4668 934 4727; x_wconf 88' lang='grc'><strong>1874</strong></span> <span class='ocrx_word' id='word_1_176' title='bbox 956 4687 985 4744; x_wconf 94' lang='lat' dir='ltr'>p.</span> <span class='ocrx_word' id='word_1_177' title='bbox 1002 4667 1051 4725; x_wconf 82' lang='lat'>41.</span> 
     </span>
    </p>

    <p class='ocr_par' dir='ltr' id='par_1_16' title="bbox 65 4767 1443 5336">
     <span class='ocr_line' id='line_1_27' title="bbox 155 4767 1443 4846; baseline -0.003 -18"><span class='ocrx_word' id='word_1_178' title='bbox 155 4769 199 4828; x_wconf 89' lang='lat' dir='ltr'>Ut</span> <span class='ocrx_word' id='word_1_179' title='bbox 219 4768 301 4826; x_wconf 88' lang='lat' dir='ltr'>tituli</span> <span class='ocrx_word' id='word_1_180' title='bbox 316 4769 376 4827; x_wconf 88' lang='lat' dir='ltr'>vol.</span> <span class='ocrx_word' id='word_1_181' title='bbox 394 4767 451 4827; x_wconf 94' lang='lat' dir='ltr'>VII</span> <span class='ocrx_word' id='word_1_182' title='bbox 467 4767 506 4828; x_wconf 87' lang='lat'>58</span> <span class='ocrx_word' id='word_1_183' title='bbox 529 4777 559 4827; x_wconf 87' lang='lat' dir='ltr'>et</span> <span class='ocrx_word' id='word_1_184' title='bbox 576 4769 634 4828; x_wconf 88' lang='grc'>134</span> <span class='ocrx_word' id='word_1_185' title='bbox 656 4770 699 4827; x_wconf 87' lang='lat' dir='ltr'>ita</span> <span class='ocrx_word' id='word_1_186' title='bbox 720 4770 769 4828; x_wconf 88' lang='lat' dir='ltr'>hio</span> <span class='ocrx_word' id='word_1_187' title='bbox 783 4788 902 4846; x_wconf 85' lang='lat' dir='ltr'>quoque</span> <span class='ocrx_word' id='word_1_188' title='bbox 917 4770 994 4829; x_wconf 84' lang='lat' dir='ltr'>falso</span> <span class='ocrx_word' id='word_1_189' title='bbox 1010 4769 1194 4828; x_wconf 88' lang='lat' dir='ltr'>anonnullis</span> <span class='ocrx_word' id='word_1_190' title='bbox 1210 4787 1265 4843; x_wconf 92' lang='lat' dir='ltr'>pro</span> <span class='ocrx_word' id='word_1_191' title='bbox 1281 4768 1443 4826; x_wconf 87' lang='lat' dir='ltr'>christiano</span> 
     </span>
     <span class='ocr_line' id='line_1_28' title="bbox 114 4870 1443 4948; baseline -0.001 -21"><span class='ocrx_word' id='word_1_192' title='bbox 114 4872 234 4929; x_wconf 87' lang='lat' dir='ltr'>habitus</span> <span class='ocrx_word' id='word_1_193' title='bbox 250 4879 305 4928; x_wconf 86' lang='lat' dir='ltr'>est.</span> <span class='ocrx_word' id='word_1_194' title='bbox 349 4870 467 4943; x_wconf 86' lang='lat' dir='ltr'>Puella,</span> <span class='ocrx_word' id='word_1_195' title='bbox 489 4871 574 4929; x_wconf 92' lang='lat' dir='ltr'>cuius</span> <span class='ocrx_word' id='word_1_196' title='bbox 598 4881 733 4946; x_wconf 85' lang='lat' dir='ltr'>protome</span> <span class='ocrx_word' id='word_1_197' title='bbox 754 4871 822 4929; x_wconf 90' lang='lat' dir='ltr'>rudi</span> <span class='ocrx_word' id='word_1_198' title='bbox 838 4891 928 4948; x_wconf 88' lang='lat' dir='ltr'>opere</span> <span class='ocrx_word' id='word_1_199' title='bbox 943 4872 1085 4947; x_wconf 77' lang='lat' dir='ltr'>exculpto</span> <span class='ocrx_word' id='word_1_200' title='bbox 1100 4878 1146 4929; x_wconf 88' lang='lat' dir='ltr'>est</span> <span class='ocrx_word' id='word_1_201' title='bbox 1167 4872 1198 4928; x_wconf 92' lang='lat' dir='ltr'>in</span> <span class='ocrx_word' id='word_1_202' title='bbox 1220 4870 1300 4947; x_wconf 91' lang='lat' dir='ltr'>cippi</span> <span class='ocrx_word' id='word_1_203' title='bbox 1321 4870 1443 4946; x_wconf 85' lang='lat' dir='ltr'>fastigio</span> 
     </span>
     <span class='ocr_line' id='line_1_29' title="bbox 65 4955 1442 5050; baseline 0 -21"><span class='ocrx_word' id='word_1_204' title='bbox 65 4955 72 4968; x_wconf 65' lang='lat'><em>⁰</em></span> <span class='ocrx_word' id='word_1_205' title='bbox 114 4991 256 5031; x_wconf 85' lang='lat' dir='ltr'>unacum</span> <span class='ocrx_word' id='word_1_206' title='bbox 272 4991 344 5031; x_wconf 89' lang='lat' dir='ltr'>cane</span> <span class='ocrx_word' id='word_1_207' title='bbox 360 4979 390 5030; x_wconf 87' lang='grc'>81</span> <span class='ocrx_word' id='word_1_208' title='bbox 412 4973 494 5050; x_wconf 90' lang='lat' dir='ltr'>gallo</span> <span class='ocrx_word' id='word_1_209' title='bbox 510 4974 717 5032; x_wconf 81' lang='lat' dir='ltr'>conlusoribus</span> <span class='ocrx_word' id='word_1_210' title='bbox 734 4973 819 5044; x_wconf 87' lang='lat' dir='ltr'>olim,</span> <span class='ocrx_word' id='word_1_211' title='bbox 836 4973 911 5049; x_wconf 72' lang='lat' dir='ltr'>Spes</span> <span class='ocrx_word' id='word_1_212' title='bbox 933 4975 1061 5032; x_wconf 88' lang='lat' dir='ltr'>fortasse</span> <span class='ocrx_word' id='word_1_213' title='bbox 1077 4974 1156 5030; x_wconf 87' lang='lat' dir='ltr'>dicta</span> <span class='ocrx_word' id='word_1_214' title='bbox 1171 4979 1217 5030; x_wconf 88' lang='lat' dir='ltr'>est</span> <span class='ocrx_word' id='word_1_215' title='bbox 1238 4990 1298 5029; x_wconf 91' lang='lat' dir='ltr'>non</span> <span class='ocrx_word' id='word_1_216' title='bbox 1320 4972 1442 5048; x_wconf 89' lang='lat' dir='ltr'>proprio</span> 
     </span>
     <span class='ocr_line' id='line_1_30' title="bbox 114 5075 1441 5152; baseline 0 -21"><span class='ocrx_word' id='word_1_217' title='bbox 114 5075 246 5145; x_wconf 90' lang='lat' dir='ltr'>nomine,</span> <span class='ocrx_word' id='word_1_218' title='bbox 274 5075 327 5132; x_wconf 87' lang='lat' dir='ltr'>sed</span> <span class='ocrx_word' id='word_1_219' title='bbox 359 5081 461 5151; x_wconf 90' lang='lat' dir='ltr'>utpote</span> <span class='ocrx_word' id='word_1_220' title='bbox 487 5075 599 5152; x_wconf 92' lang='lat' dir='ltr'>pupula</span> <span class='ocrx_word' id='word_1_221' title='bbox 625 5077 744 5133; x_wconf 90' lang='lat' dir='ltr'>nomine</span> <span class='ocrx_word' id='word_1_222' title='bbox 772 5075 868 5133; x_wconf 88' lang='lat' dir='ltr'>adhuc</span> <span class='ocrx_word' id='word_1_223' title='bbox 890 5094 994 5134; x_wconf 88' lang='lat' dir='ltr'>carens</span> <span class='ocrx_word' id='word_1_224' title='bbox 1022 5075 1160 5133; x_wconf 83' lang='lat' dir='ltr'>defuncta</span> <span class='ocrx_word' id='word_1_225' title='bbox 1188 5091 1258 5151; x_wconf 88' lang='lat' dir='ltr'>spes</span> <span class='ocrx_word' id='word_1_226' title='bbox 1286 5083 1441 5150; x_wconf 90' lang='lat' dir='ltr'>parentum</span> 
     </span>
     <span class='ocr_line' id='line_1_31' title="bbox 113 5176 1440 5254; baseline 0 -21"><span class='ocrx_word' id='word_1_227' title='bbox 113 5185 248 5249; x_wconf 87' lang='lat' dir='ltr'>vocatur,</span> <span class='ocrx_word' id='word_1_228' title='bbox 270 5184 304 5234; x_wconf 89' lang='lat' dir='ltr'>ut</span> <span class='ocrx_word' id='word_1_229' title='bbox 326 5176 398 5235; x_wconf 89' lang='lat' dir='ltr'>alibi</span> <span class='ocrx_word' id='word_1_230' title='bbox 420 5177 550 5236; x_wconf 84' lang='lat' dir='ltr'>infantes</span> <span class='ocrx_word' id='word_1_231' title='bbox 573 5177 683 5236; x_wconf 87' lang='lat' dir='ltr'>mortui</span> <span class='ocrx_word' id='word_1_232' title='bbox 705 5177 829 5235; x_wconf 89' lang='lat' dir='ltr'>deliciae</span> <span class='ocrx_word' id='word_1_233' title='bbox 851 5177 1041 5254; x_wconf 86' lang='lat' dir='ltr'>appellantur</span> <span class='ocrx_word' id='word_1_234' title='bbox 1063 5185 1092 5234; x_wconf 92' lang='lat' dir='ltr'>et</span> <span class='ocrx_word' id='word_1_235' title='bbox 1114 5176 1181 5234; x_wconf 87' lang='lat' dir='ltr'>aliis</span> <span class='ocrx_word' id='word_1_236' title='bbox 1205 5177 1366 5234; x_wconf 86' lang='lat' dir='ltr'>eiusmodi</span> <span class='ocrx_word' id='word_1_237' title='bbox 1389 5196 1440 5234; x_wconf 90' lang='lat' dir='ltr'>vo-</span> 
     </span>
     <span class='ocr_line' id='line_1_32' title="bbox 111 5279 844 5336; baseline 0.003 -2"><span class='ocrx_word' id='word_1_238' title='bbox 111 5279 240 5336; x_wconf 85' lang='lat' dir='ltr'>cabulis.</span> <span class='ocrx_word' id='word_1_239' title='bbox 839 5287 844 5298; x_wconf 92' lang='lat'>&#39;</span> 
     </span>
    </p>
   </div>
   <div class='ocr_carea' id='block_1_16' title="bbox 0 0 1802 6040">
    <p class='ocr_par' dir='ltr' id='par_1_17' title="bbox 0 0 1802 6040">
     <span class='ocr_line' id='line_1_33' title="bbox 0 0 1802 6040; baseline 0 8"><span class='ocrx_word' id='word_1_240' title='bbox 0 0 1802 6040; x_wconf 95' lang='lat' dir='ltr'> </span> 
     </span>
    </p>
   </div>
  </div>
 </body>
</html>
