3632 6040
350 567 396 637 82
924 583 1107 636 nonnam

350 759 518 818 sacerdotia
545 759 672 833 primum
701 759 799 816 locum
828 759 973 827 obtinent,
1002 758 1056 816 sed
1082 767 1306 834 praeponuntur
1333 757 1390 834 ipsi
1418 757 1549 815 curatori
1579 765 1671 832 utpote

349 863 436 922 electi
458 879 517 920 non
540 861 578 918 ab
601 861 714 930 ordine,
744 860 795 917 scd
823 879 841 916 a
863 860 991 918 concilio
1021 861 1192 934 provinciae
1215 859 1374 918 accedente
1396 860 1530 917 fortasse
1553 860 1672 916 auetori-

348 974 409 1023 tate
431 962 580 1040 praesidis
603 962 783 1038 provinciae.
829 961 984 1038 Dignitate
1006 979 1059 1020 eos
1081 981 1141 1019 non
1163 962 1287 1020 multum
1311 961 1405 1018 fuisse
1428 961 1507 1018 infra
1530 969 1672 1019 senatores

349 1067 517 1125 luculenter
544 1072 669 1140 apparet
696 1064 785 1121 etiam
814 1083 852 1120 ex
880 1065 985 1138 poenis
1013 1063 1134 1122 inflictis
1163 1063 1275 1122 Donati
1303 1065 1500 1122 sectatoribus
1530 1062 1673 1120 Africanis

351 1170 389 1226 ab
411 1167 547 1225 Honorio
574 1167 754 1240 imperatore
782 1164 872 1240 (cod.
895 1165 953 1224 Th.
980 1165 1135 1236 11151.
1160 1165 1226 1240 54),
1254 1185 1321 1223 nam
1350 1175 1557 1241 exaequantur
1578 1169 1617 1225 ibi
1638 1187 1674 1225 sc·

349 1279 466 1328 ratores
489 1277 519 1326 et
539 1269 738 1338 sacerdotales,
765 1275 930 1343 sequuntur
956 1267 1047 1344 longo
1074 1268 1232 1326 intervallo
1254 1269 1435 1344 principales
1462 1277 1493 1327 01
1520 1271 1674 1328 decuriones

352 1373 408 1442 vel,
436 1381 469 1429 ut
491 1371 589 1428 estin
612 1371 707 1427 altera
729 1371 805 1445 lege,
833 1372 926 1428 decem
944 1374 1034 1444 primi
1055 1371 1178 1428 mariolas
1200 1377 1230 1426 et
1251 1371 1356 1445 reliqui
1378 1373 1552 1428 decuriones.
1595 1371 1676 1444 Quod

353 1475 379 1532 si
401 1484 480 1532 recte
498 1473 553 1530 1111
576 1472 655 1529 docti
679 1480 813 1530 statuunt
834 1473 864 1529 in
887 1473 1016 1548 singulis
1031 1472 1194 1549 provinciis
1218 1473 1353 1548 singulos
1377 1475 1549 1530 sacerdotes
1568 1491 1674 1530 annuos

352 1570 467 1634 creatos
495 1593 562 1633 esse
590 1591 685 1648 eoque
714 1573 882 1632 sacerdotio
904 1575 1023 1632 functos
1050 1573 1251 1632 sacerdotales
1279 1575 1437 1650 appellari,
1472 1593 1544 1633 casu
1571 1575 1673 1632 factum

354 1689 409 1748 est,
436 1676 518 1752 quod
541 1678 599 1734 duo
622 1675 670 1733 hic
692 1676 864 1752 provinciae
887 1676 1045 1734 universae
1067 1674 1237 1733 sacerdotes
1260 1675 1290 1733 in
1313 1677 1416 1734 ordine
1439 1675 1675 1752 Thamugadensi

352 1781 549 1855 reperiuntur.

438 1880 464 1938 2.
502 1883 637 1956 flamines
656 1884 788 1955 perpetui
809 1888 1033 1954 postponuntur
1056 1879 1198 1949 duoviris,
1226 1889 1448 1954 anteponuntur
1478 1880 1675 1938 sacerdotibus

353 1984 638 2060 magistratibusque
660 1981 796 2040 coloniae
817 1980 943 2057 reliquis
966 1981 1113 2039 omnibus.
1158 1979 1235 2040 Sunt
1258 2000 1362 2041 omnes
1385 2001 1511 2040 numero
1533 1981 1675 2050 XXXVI,

352 2087 520 2162 exquibus
543 2083 673 2142 XXXII
700 2083 743 2158 (1,
760 2081 882 2154 23-2,
900 2082 952 2158 15)
981 2083 1072 2140 alium
1100 2083 1243 2141 honorem
1266 2085 1382 2141 nullum
1406 2085 1575 2155 enuntiant,
1601 2093 1676 2158 quat·

353 2197 421 2247 tuor
442 2188 550 2262 reliqui
572 2195 692 2261 praeter
712 2185 886 2242 flamonium
910 2195 962 2242 aut
984 2193 1176 2262 patronatum
1201 2186 1344 2244 minorem
1365 2188 1477 2244 habent
1500 2187 1543 2259 (l,
1562 2185 1611 2260 13)
1633 2191 1676 2242 aut

354 2291 553 2349 sacerdotium
576 2287 747 2365 provinciae
770 2286 812 2361 (1,
831 2286 882 2362 17)
906 2294 957 2344 aut
978 2306 1079 2345 euram
1101 2289 1145 2344 rei
1166 2288 1306 2362 publicae
1329 2288 1442 2363 (1,19)
1470 2297 1523 2346 aut
1546 2287 1675 2362 (sirecte

354 2392 430 2467 vidi)
453 2392 643 2448 duoviratum
667 2389 710 2465 (1,
728 2387 789 2465 22).
840 2389 967 2448 Accedit
992 2390 1019 2446 is
1043 2391 1089 2447 cui
1117 2389 1221 2447 titulus
1249 2391 1403 2448 dedicatur
1424 2401 1455 2448 et
1483 2393 1550 2468 ipse
1579 2390 1675 2446 flamen

354 2503 523 2569 perpetuus.
570 2490 728 2566 Singulare
755 2501 811 2560 est,
839 2493 918 2566 quod
946 2511 983 2549 ne
1009 2492 1046 2549 iis
1074 2492 1192 2566 quidem
1218 2491 1409 2564 flanrinibus,'
1428 2497 1482 2567 qui
1503 2511 1563 2549 uno
1585 2491 1676 2547 ordine

355 2595 590 2670 perscribuntur,
619 2595 771 2651 flaminum
794 2600 1005 2669 perpetuorum
1027 2593 1119 2651 index
1144 2595 1368 2670 praescribitur,
1395 2604 1428 2652 ut
1449 2596 1485 2652 fit
1510 2595 1542 2651 in
1566 2591 1676 2667 reliquis

355 2697 452 2755 tribus
481 2697 670 2754 sacerdotum
698 2695 864 2766 ordinibus,
886 2695 939 2752 sed
966 2696 1092 2770 singulis
1125 2695 1296 2754 hominibus
1324 2697 1526 2754 sacerdotium
1553 2695 1675 2754 adicitur.

356 2799 447 2857 Recte
480 2798 510 2855 id
543 2797 573 2854 ni
605 2797 694 2854 fallor
720 2797 936 2854 Wiimannsius
969 2799 1000 2854 in
1031 2797 1140 2855 litteris
1173 2815 1209 2855 eo
1241 2799 1407 2867 revocavit,
1441 2798 1524 2874 quod
1551 2797 1674 2856 flamines

357 2901 486 2978 singulis
514 2900 578 2958 deis
604 2899 720 2957 divisve
742 2899 931 2976 potIssimum
955 2899 1065 2957 addicti
1093 2907 1162 2957 sunt
1187 2919 1285 2975 neque
1312 2901 1355 2958 ita
1376 2901 1537 2975 collegium
1560 2899 1676 2958 efficiunt

357 3013 389 3061 ut
410 3002 566 3079 pontifices
590 3019 787 3078 auguresque,
815 3019 1005 3076 quamquam,
1034 3003 1061 3059 01
1087 3010 1167 3058 10010
1193 3003 1311 3060 11101010
1342 3002 1505 3076 (edendum
1528 2999 1675 3076 aliquando

357 3107 387 3162 111
417 3104 473 3162 101.
498 3103 571 3159 VIII
598 3123 626 3159 n.
644 3101 717 3177 782)
746 3103 963 3160 Wiimannsius
993 3104 1136 3179 explevit,
1165 3103 1339 3178 [ccllcqiubu
1359 3107 1515 3180 flaminum
1538 3112 1676 3180 perpetuo·

357 3227 420 3264 rum
443 3207 553 3281 Apisoe
578 3208 695 3263 maioris
719 3204 932 3262 Valentiniano
958 3205 1132 3263 Theodosio
1154 3207 1345 3281 Arcadioqne
1372 3213 1503 3263 statuam
1531 3202 1697 3263 dedicavit(

359 3308 447 3382 Quod
469 3308 540 3364 olim
563 3307 1043 3380 000100110υοΗ110011101111110(1.
1066 3325 1090 3364 o.
1114 3327 1142 3382 p.
1160 3308 1213 3384 54)
1236 3317 1265 3364 01
1288 3327 1343 3384 ego
1365 3308 1395 3364 in
1419 3308 1589 3382 municipiIs
1608 3303 1677 3362 Afri·

358 3411 440 3469 cauis
464 3409 600 3484 singulos
623 3409 758 3467 flamines
781 3409 941 3484 quotannis
964 3419 1080 3466 creatos
1103 3427 1171 3466 esse
1193 3429 1288 3484 eoque
1310 3409 1574 3474 flamonioannuo
1596 3404 1677 3464 functi

358 3531 426 3569 cum
450 3512 577 3568 honores
598 3512 675 3586 gesti
703 3511 862 3568 sacerdotii
885 3512 916 3568 in
943 3520 1117 3587 perpetuum
1148 3511 1319 3583 retinerent,
1348 3530 1398 3569 000
1425 3513 1593 3587 appellatos
1619 3523 1676 3566 esse

358 3613 493 3671 flamines
520 3623 691 3689 perpetuos,
720 3614 799 3670 haud
825 3614 887 3671 0010
915 3632 953 3670 an
982 3613 1037 3670 hoc
1063 3613 1150 3670 titulo
1172 3615 1294 3671 invento
1323 3613 1513 3671 abiciendum
1537 3615 1589 3682 sit3
1617 3627 1676 3668 nam

359 3717 416 3774 0101
439 3715 599 3772 admodum
621 3725 724 3773 tenera
746 3723 842 3772 aetate
864 3715 894 3771 id
917 3715 1114 3772 sacerdotium
1138 3716 1275 3784 dabatur,
1304 3715 1348 3772 ita
1373 3733 1514 3774 numerus
1537 3715 1676 3773 flaminum

358 3826 569 3894 perpetuorum
597 3818 716 3893 qualem
738 3817 786 3874 hic
810 3817 943 3875 videmus
967 3817 1019 3874 vix
1043 3817 1119 3874 effici
1142 3817 1246 3892 potuit.
1291 3817 1367 3875 Mihi
1393 3819 1453 3874 iam
1475 3817 1571 3892 magis
1592 3815 1678 3892 placet

359 3921 395 3978 de
424 3939 484 3994 quo
513 3920 584 3976 olim
607 3938 727 3995 quoque
754 3919 883 3996 cogitavi
906 3919 947 3994 (v.
975 3920 1055 3994 apud
1077 3918 1311 3976 Hirschfeldium
1334 3939 1363 3994 p.
1379 3917 1434 3993 47)
1462 3918 1588 3994 singulis
1610 3913 1677 3972 divis

360 4023 495 4098 singulos
521 4021 656 4079 flamines
682 4029 842 4096 perpetuos
870 4022 957 4078 datos
987 4039 1067 4092 esse3
1096 4041 1165 4078 nam
1193 4029 1289 4078 aetate
1313 4019 1481 4078 Constantii
1509 4021 1558 4078 vei
1578 4012 1679 4076 Iuliani

360 4123 499 4180 videntur
520 4122 612 4180 fuisse
635 4123 695 4181 divi
717 4141 840 4180 numero
863 4122 979 4180 circiter
1001 4122 1206 4198 XXXV111).

444 4223 543 4281 Notae
566 4241 602 4281 ex
625 4239 664 4280 cr
688 4224 857 4299 adscriptae
883 4225 1053 4282 flaminibus
1081 4225 1197 4282 duobus
1225 4224 1268 4298 (l,
1285 4225 1333 4281 33.
1358 4225 1411 4299 34)
1439 4243 1506 4283 cum
1531 4223 1601 4281 alibi
1627 4235 1678 4275 nou

362 4333 563 4402 compareant,
586 4327 807 4402 componendae
830 4327 967 4384 videntur
988 4346 1055 4383 cum
1078 4327 1158 4384 notis
1181 4327 1333 4384 titulorum
1357 4326 1482 4383 duorum
1505 4333 1679 4402 repertorum

361 4531 567 4540 ..--.--

439 4690 463 4752 1)
484 4691 590 4744 Scilicet
608 4704 667 4738 cum
687 4704 710 4738 a.
732 4691 786 4738 224
806 4689 859 4738 divi
878 4689 979 4754 publice
998 4691 1143 4739 colerentur
1162 4705 1269 4740 numero
1289 4691 1378 4754 viginti
1399 4685 1569 4752 (Stactareclt
1587 4687 1609 4746 2,
1624 4681 1677 4731 tos.

364 4784 435 4845 780),
455 4791 546 4847 postea
565 4789 727 4832 accesserunt
745 4782 857 4840 Dumna,
882 4783 981 4842 Maesa,
1002 4782 1160 4842 Alexander,
1182 4783 1330 4833 Gordianus
1349 4783 1399 4844 III,
1421 4783 1524 4842 Decius,
1540 4775 1677 4831 Saloninus,

363 4875 504 4936 Gallienus,
525 4875 662 4936 Claudius,
683 4875 854 4935 Aurelianus,
875 4875 989 4934 Probus,
1011 4873 1106 4934 Carus,
1127 4875 1312 4934 Numerianus,
1335 4874 1499 4924 Constantius
1513 4873 1539 4933 1,
1560 4865 1677 4920 Galerius,

363 4967 546 5016 Constantinus
558 4968 580 5028 1,
606 4973 634 5016 01
658 4967 722 5016 fiant
747 4967 858 5031 quinque
878 4972 903 5016 et
922 4967 1034 5030 triginta.
1073 4967 1193 5016 Aliarum
1213 4966 1374 5030 quarundam
1398 4964 1613 5014 consecrationum
1632 4968 1678 5004 me·

363 5059 472 5107 moriam
495 5059 523 5107 in
548 5059 657 5108 exilibus
682 5059 757 5108 huius
782 5059 873 5108 aetatis
896 5059 1032 5108 annalibus
1062 5059 1203 5108 desiderari
1227 5065 1426 5108 consentaneum
1453 5063 1498 5117 est,
1524 5069 1569 5104 nec
1596 5049 1678 5098 desunt

364 5150 407 5213 qui
426 5157 559 5212 praeterea
582 5158 650 5200 recte
674 5152 819 5202 consecrari
843 5152 981 5215 potuerint,
1006 5157 1035 5200 ut
1059 5159 1117 5200 sunt
1140 5152 1267 5211 Mamaea,
1295 5149 1421 5202 Gordiani
1444 5151 1540 5214 primus
1564 5145 1675 5203 alterque,

363 5242 477 5302 Tacitus,
498 5243 684 5292 Diocletianus.
1028 5305 1041 5338 ι
