3632 6040
654 673 704 723 un
724 672 852 726 saonis
871 671 964 724 oms.
1427 653 1474 724 67

145 849 267 906 demum
290 847 482 923 imperatoris
497 854 624 904 aetatem
641 855 817 924 usurpatum
832 846 881 919 sit,
904 854 1003 904 tamen
1019 851 1132 904 certum
1149 853 1196 903 est
1212 846 1361 904 aerarium
1383 844 1478 904 luisse
1542 846 1554 858 '

143 959 197 1008 aut
219 950 251 1008 in
273 951 342 1026 ipsa
364 949 437 1008 aede
460 947 580 1008 Saturni
607 949 711 1007 autin
737 948 873 1008 aedificio
901 948 967 1007 aedi
995 945 1119 1009 Saturni
1147 948 1320 1006 continenti.
1364 948 1479 1006 accedit

143 1052 226 1128 quod
248 1050 391 1110 Lucanus
418 1053 449 1110 iu
475 1051 572 1128 ipsam
599 1052 702 1110 aedem
726 1049 847 1112 Saturni
870 1049 1032 1110 Caesarem
1060 1049 1151 1108 tradit
1172 1049 1318 1127 irrupisse
1339 1051 1478 1109 versibus

144 1156 181 1214 de
203 1155 314 1231 quibus
336 1155 415 1213 iufra
436 1154 559 1225 dicetur,
581 1156 638 1212 hoc
661 1163 716 1226 est,
741 1163 772 1213 ut
796 1154 848 1212 alii
870 1160 1018 1212 testantur
1039 1153 1175 1229 interque
1197 1171 1250 1212 eos
1272 1154 1339 1229 ipse
1359 1152 1478 1210 Tullius

143 1261 175 1315 ira
197 1261 344 1316 aerarium
366 1261 492 1316 sanctiue
515 1257 557 1332 (v.
579 1256 687 1314 Drum.
712 1258 740 1329 3,
764 1255 849 1332 445).
893 1273 952 1332 quo
979 1255 1076 1334 magis
1102 1256 1272 1314 mirandum
1298 1254 1379 1332 quod
1400 1255 1478 1313 idem

144 1359 253 1418 Cicero
282 1361 370 1436 isque
399 1360 483 1420 solus
512 1379 538 1418 a.
563 1360 620 1417 711
646 1366 772 1418 testatur
794 1359 834 1417 ad
860 1357 931 1436 Opis
954 1379 973 1418 a
994 1357 1028 1418 C.
1052 1356 1183 1418 Caesare
1210 1367 1360 1418 servatam
1385 1357 1480 1416 fuisse

144 1463 307 1538 pecuniam
329 1463 487 1540 publicam.

231 1567 259 1624 3.
304 1565 382 1624 Post
407 1573 534 1624 mortem
557 1562 712 1624 Ciceronis
740 1583 767 1621 a.
791 1563 860 1622 tta.
904 1563 941 1622 L.
965 1564 1119 1622 Munatius
1142 1563 1275 1622 Plancus
1302 1563 1399 1622 aedem
1422 1560 1481 1622 Sa·

147 1671 226 1725 turni
240 1668 314 1741 facit
336 1669 370 1725 de
391 1669 526 1726 maaidiia
548 1675 625 1726 teste
647 1667 733 1725 titulo
756 1664 900 1726 Caietano
923 1666 959 1740 (I.
982 1664 1022 1724 N.
1044 1666 1125 1725 4089
1140 1690 1176 1716 =
1192 1665 1245 1724 Or.
1270 1665 1355 1741 590).
1398 1666 1480 1724 basis

146 1778 267 1828 statuae
290 1772 327 1829 ab
349 1771 454 1828 eodem
477 1770 581 1828 autin
604 1769 714 1845 templo
738 1777 790 1826 aut
805 1778 873 1828 aute
895 1769 1039 1846 templum
1055 1768 1207 1826 dedicatae
1222 1768 1323 1844 Pighii
1345 1775 1481 1844 tempore

147 1891 243 1948 prope
271 1891 373 1930 arcum
403 1871 507 1932 Severi
534 1872 646 1932 effossa
672 1880 719 1930 est
740 1869 789 1946 (C.
811 1871 835 1928 I.
858 1870 894 1928 L.
918 1871 946 1941 6,
972 1869 1199 1930 1316=Crut
1224 1869 1272 1944 20,
1299 1871 1339 1946 1).
1384 1889 1481 1930 exeo

147 1975 217 2032 iude
240 1983 374 2052 tempore
397 1984 427 2033 et
449 1975 596 2033 aerarium
613 1973 735 2034 Saturni
759 1974 879 2050 saepius
896 1980 1146 2032 commemoratur
1161 1981 1191 2031 et
1213 1973 1317 2032 aedem
1332 1973 1482 2032 Munatia-

147 2096 215 2133 nam
240 2077 422 2152 aliquotiens
450 2077 596 2136 incendiis
625 2086 800 2152 quassatam
826 2077 1055 2152 restitutamque
1082 2093 1151 2134 esse
1173 2083 1300 2134 constat.
1345 2073 1421 2152 Opis
1444 2075 1482 2132 ad

148 2178 247 2236 forum
271 2180 355 2238 aedis
378 2181 489 2238 mentio
512 2180 596 2237 nulla
617 2179 747 2255 amplius
768 2179 850 2237 facta
872 2185 926 2236 est.

230 2282 261 2338 4.
308 2281 427 2358 Templi
444 2279 565 2340 Saturni
589 2299 657 2340 esse
679 2299 825 2358 pronaum
848 2288 916 2340 octo
939 2281 1145 2340 columnarum
1166 2282 1246 2340 inter
1267 2281 1375 2338 clivum
1392 2278 1482 2356 Capi-

154 2385 274 2444 tolinum
304 2393 334 2442 et
359 2384 515 2442 basilicam
543 2383 652 2442 Iuliam
678 2403 757 2442 nune
784 2383 976 2461 superstitem
999 2393 1118 2442 constat
1144 2385 1327 2460 argumentis
1350 2382 1482 2440 certissi-

151 2487 215 2545 mis.
261 2487 367 2562 templi
389 2486 417 2544 is
441 2493 487 2543 est
508 2486 582 2544 situs
606 2495 638 2544 ut
659 2486 738 2544 latus
754 2487 899 2544 orientale
922 2505 1022 2544 aream
1043 2485 1101 2543 fori
1121 2487 1274 2562 contingat
1294 2485 1336 2544 ibi
1359 2485 1410 2544 ubi
1433 2485 1483 2542 via

150 2607 234 2646 saera
261 2589 293 2646 in
320 2589 390 2646 clivi
417 2588 543 2646 formam
566 2587 729 2664 Capitolini
751 2597 891 2648 mutatur.
935 2589 1036 2664 ibique
1060 2589 1118 2646 fuit
1138 2607 1224 2647 arcus
1242 2599 1365 2664 propter
1386 2589 1483 2646 cedam

150 2689 275 2749 Saturni
297 2691 480 2750 Tiberianus
504 2690 591 2764 (Tac.
615 2692 653 2748 A.
678 2689 707 2764 2,
730 2691 794 2766 41),
822 2693 907 2750 cuius
929 2691 1074 2767 reliquiae
1096 2711 1173 2750 nunc
1195 2691 1323 2750 noviciis
1346 2689 1482 2748 aedifica·

150 2793 282 2851 tionibus
300 2812 395 2868 paene
411 2793 577 2852 occultatae
594 2801 670 2852 sunt.
715 2793 875 2852 seeundum
899 2794 1026 2852 frontem
1043 2803 1073 2852 et
1093 2794 1171 2852 latus
1187 2794 1371 2852 occidentale
1387 2793 1483 2851 olivus

148 2896 192 2953 ita
214 2897 351 2954 aseendit
366 2905 399 2954 ut
420 2896 564 2972 paulatim
587 2897 754 2973 stylobatae
770 2896 966 2967 altitudinem,
989 2915 1065 2972 quae
1087 2897 1118 2954 in
1141 2896 1279 2954 orientali
1301 2897 1408 2972 ingens
1428 2904 1483 2967 est,

149 3006 307 3074 exaequet.
352 2999 554 3074 opisthodomi
576 2999 704 3075 vestigia
726 3018 804 3057 nunc
832 2999 927 3058 latent
949 3000 1006 3058 sub
1028 2999 1282 3058 aedificationibus
1307 2998 1484 3057 recentibus.

149 3102 207 3158 hoc
229 3101 323 3178 igitur
344 3101 487 3178 templum
510 3102 677 3159 rectissime
700 3101 759 3160 dici
782 3103 823 3160 od
836 3105 936 3176 sorum
963 3102 1053 3160 situm
1079 3119 1146 3160 esse
1167 3101 1298 3161 vidimus
1321 3111 1350 3160 et
1371 3103 1402 3160 in
1424 3102 1484 3159 imo

149 3203 237 3274 oliuu,
264 3203 336 3260 item
366 3211 445 3261 recte
473 3203 580 3261 dicitur
607 3220 692 3261 aura
719 3204 822 3262 elisum
848 3213 877 3262 et
904 3220 961 3261 sva
990 3205 1063 3262 cliuo
1089 3205 1121 3263 in
1148 3205 1271 3263 scholiis
1299 3203 1484 3280 Vergilianis

149 3308 226 3363 Aen.
252 3305 281 3377 2,
301 3305 368 3362 116.
392 3305 421 3376 8,
438 3305 509 3376 319,
531 3306 670 3363 nimirum
693 3325 711 3362 a
731 3305 798 3364 foro
821 3306 902 3364 eunti
925 3324 1031 3365 versus
1055 3305 1237 3382 Capitolium
1259 3307 1300 3382 (v.
1316 3306 1437 3365 Hermes
1454 3306 1485 3376 4,

151 3407 237 3483 260).
283 3408 354 3466 item
382 3408 457 3466 bene
484 3408 576 3466 habet
604 3407 685 3483 quod
708 3407 866 3480 Lucanus,
895 3409 945 3468 ubi
967 3409 1003 3467 de
1026 3409 1147 3468 effracto
1174 3427 1192 3466 a
1215 3407 1345 3468 Caesare
1368 3409 1485 3468 aerario

149 3511 318 3568 luculenter
340 3509 492 3580 disseruit,
522 3511 625 3587 templi
648 3508 771 3569 Saturni
793 3511 874 3568 fores
897 3511 1032 3570 reclusas
1056 3513 1186 3571 sonitum
1210 3512 1331 3572 dedisse
1353 3520 1383 3570 et
1404 3529 1485 3569 reso-

150 3614 255 3671 nuisse
275 3631 381 3687 rupem
396 3612 558 3688 Tarpeiam
574 3613 667 3670 dixit:
691 3622 723 3669 ut
743 3614 819 3671 uidet
839 3617 946 3689 inperiti
967 3613 1091 3672 Saturni
1112 3616 1218 3692 templa
1239 3615 1338 3673 revelli
1358 3613 1430 3672 mole
1446 3645 1484 3655 -

150 3725 217 3774 autc
232 3717 316 3788 fores
345 3716 469 3773 noudum
494 3725 638 3773 reseratae
666 3718 788 3774 conectit
809 3717 889 3774 aedis
904 3749 945 3757 —
961 3737 1015 3787 -3
1034 3721 1169 3792 protinus
1192 3717 1312 3776 abducto
1331 3725 1488 3792 patuerunt

150 3818 256 3894 templa
279 3817 412 3874 Metello.-
442 3827 507 3876 tuuc
528 3836 613 3892 rapas
639 3818 765 3892 Tarpeia
791 3828 876 3876 sonat
895 3837 1052 3894 magnoque
1073 3821 1200 3878 reclusas
1223 3829 1342 3878 testatur
1363 3818 1486 3876 stridore
1584 3825 1586 3831 '

145 3923 238 3994 sores,
264 3928 330 3977 tunc
353 3921 480 3978 condinae
505 3923 560 3978 imo
587 3923 695 3978 eruitur
722 3920 822 3994 templo
843 3921 941 3976 multis
963 3923 1087 3980 intactus
1115 3921 1151 3978 ab
1172 3925 1256 3980 canis
1278 3922 1402 3979 Romani
1423 3938 1486 3978 ceu-

152 4042 199 4082 aaa
219 4023 329 4098 populi
350 4030 416 4080 cett.
441 4022 484 4096 (3,
504 4023 561 4079 115
575 4039 599 4080 s.
625 4022 682 4080 153
699 4021 766 4098 sa).
810 4040 887 4098 quae
903 4023 995 4080 verba
1015 4031 1048 4081 ut
1070 4025 1107 4082 ab
1130 4024 1173 4082 eis
1195 4025 1247 4100 qui
1270 4022 1391 4084 Saturni
1412 4031 1486 4080 tem-

151 4127 202 4200 plo
230 4124 387 4185 columnas
409 4133 479 4196 tres,
506 4143 582 4200 quae
611 4133 680 4182 sunt
704 4124 888 4201 Vespasiani
915 4125 1010 4198 aedis,
1035 4127 1203 4185 tribuerunt
1228 4146 1321 4204 prave
1349 4133 1488 4184 enarrata

154 4237 224 4286 sunt
246 4227 295 4302 (ut
317 4227 494 4284 aBuuseno
510 4226 554 4284 Le
569 4229 669 4303 sorum
688 4227 766 4286 1835
790 4248 818 4305 p.
838 4229 871 4285 ll
891 4227 983 4304 aliis),
1004 4229 1047 4287 ita
1067 4239 1226 4306 postquam
1243 4229 1280 4288 de
1294 4229 1405 4306 templo
1420 4236 1486 4287 octo

154 4331 362 4388 columnarum
386 4329 559 4410 accipienda
580 4348 647 4388 esse
669 4339 796 4401 constat,
819 4331 862 4388 nil
885 4331 966 4388 aliud
988 4332 1158 4408 significare
1181 4341 1305 4409 apparet
1326 4351 1416 4409 quam
1438 4352 1487 4388 ru·

152 4453 220 4508 pem
243 4450 403 4502 saxumve,
426 4451 515 4508 quam
537 4451 644 4491 versus
667 4433 770 4491 aedem
794 4431 1019 4494 Consolationis
1042 4443 1195 4511 spectasse
1217 4456 1297 4494 nuno
1320 4437 1394 4493 satis
1418 4453 1486 4492 con-

154 4535 235 4592 venit
269 4535 348 4592 inter
380 4553 501 4606 omnes,
528 4536 702 4594 resonuisse
736 4545 839 4614 utpote
863 4535 986 4596 Saturni
1013 4539 1125 4614 templo
1152 4539 1325 4614 aerarioqne
1348 4538 1486 4595 vicinum.

155 4645 312 4711 praeterea
344 4638 441 4694 aerari
474 4657 582 4696 nomen
616 4639 647 4696 in
676 4657 842 4715 cognomen
875 4641 975 4698 abisse
1008 4641 1125 4699 videtur
1152 4642 1265 4717 aliquot
1294 4639 1487 4699 ecclesiarum

156 4739 274 4798 saeculo
296 4739 358 4796 XV
386 4739 475 4818 longe
503 4741 713 4816 antiquiorum,
741 4743 866 4800 sitarum
893 4743 972 4801 circa
998 4743 1158 4802 ecclesiam
1187 4741 1411 4801 Consolationis
1438 4760 1488 4798 ea-

156 4841 283 4917 demque
305 4842 426 4917 regione
447 4852 583 4918 repertus
606 4853 653 4902 est
674 4844 779 4903 titulus
801 4845 849 4902 hic
872 4845 981 4920 (Henz.
1006 4845 1087 4905 6455
1106 4871 1142 4894 =
1162 4844 1196 4904 C.
1219 4846 1243 4902 I.
1265 4843 1300 4902 L.
1325 4846 1354 4916 6,
1378 4842 1486 4919 laam:

156 4943 191 5002 L.
218 4944 395 5019 Calpurnius
417 4945 485 5002 Piso
504 4944 547 5002 M.
565 4945 683 5004 Saluius
702 4966 751 5022 pr.
776 4965 833 5005 aer.
857 4966 956 5006 arcum
978 4967 1011 5006 ar
1032 4967 1055 5006 s.
1077 4966 1100 5005 c.
1123 4967 1142 5004 a
1162 4950 1286 5022 privatis
1304 4948 1423 5023 publicu
1443 4965 1487 5004 re-

158 5047 298 5121 demptam
325 5051 503 5106 terminarem
547 5067 607 5124 qua
634 5049 669 5106 de
696 5068 728 5106 re
762 5067 822 5106 non
853 5058 984 5124 repetam
1013 5067 1091 5124 quae
1117 5050 1245 5126 exposui
1271 5051 1488 5129 topographiae

157 5149 308 5206 volumine
335 5149 429 5207 altero
457 5169 485 5226 p.
502 5149 687 5208 tea-486.
732 5151 801 5209 hinc
828 5151 955 5209 efficitur
983 5170 1092 5209 nomen
1118 5153 1241 5225 aerarii,
1268 5154 1348 5229 quod
1374 5154 1430 5211 fuit
1457 5153 1489 5208 in

158 5251 267 5326 templo
291 5249 422 5324 Saturni,
446 5259 543 5311 aetate
566 5254 664 5312 media
686 5253 864 5312 translatum
887 5272 952 5313 esse
974 5254 1012 5311 ad
1033 5255 1186 5330 regionem
1208 5263 1302 5314 totam
1324 5276 1388 5315 eam
1410 5273 1488 5330 quae

158 5369 232 5425 pone
260 5353 409 5412 aerarium
435 5355 492 5413 fuit
519 5374 590 5414 sane
617 5355 758 5433 amplam,
788 5353 874 5416 cuius
902 5355 1020 5434 generis
1048 5357 1278 5418 translationum
1312 5359 1424 5436 passim
1457 5359 1488 5413 in

1243 5459 1284 5520 5.
