3614 6054
299 563 371 636 966
890 581 1036 634 ιοιιιιιιι

297 757 378 833 quod
400 755 567 814 aedificium
591 756 664 814 arsit
678 756 776 814 denuo
792 776 818 814 a.
836 757 895 815 606
911 765 988 814 teste
1003 755 1197 831 Obsequente
1216 774 1241 814 c,
1258 757 1305 827 19,
1327 756 1416 814 tertio
1431 765 1499 815 ante
1522 775 1548 814 a.
1566 755 1626 815 718

297 876 356 935 quo
380 877 399 916 a
421 857 476 917 Cn.
496 858 632 916 Domitio
655 856 781 916 Calvino
804 859 869 917 auri
892 859 1041 917 coronarii
1064 877 1102 916 ex
1124 857 1249 916 victoria
1270 858 1388 917 Iberica
1409 859 1523 934 accepti
1545 867 1629 936 parte

298 962 536 1037 magnificentius
565 961 765 1019 instauratum
794 969 848 1019 est.
892 961 949 1018 hoc
977 961 1055 1018 enim
1086 979 1165 1018 anno
1192 961 1334 1036 triumphi
1362 961 1430 1032 acti,
1459 981 1520 1020 non
1550 947 1628 1018 anno

300 1064 445 1121 victoriae
466 1071 636 1141 reportatae
653 1063 712 1120 715
735 1063 948 1121 dedicationem
971 1063 1079 1121 factam
1095 1081 1163 1122 esse
1179 1062 1288 1121 Dionis
1311 1065 1403 1122 verba
1418 1063 1468 1133 48,
1490 1061 1530 1121 42
1554 1063 1631 1121 indi·

299 1185 368 1224 care
385 1165 534 1223 videntur:
556 1158 586 1220 rd
609 1187 640 1220 τε
660 1157 783 1244 χρυσιόν
804 1161 835 1221 vd
855 1158 935 1245 παρὰ
955 1166 1007 1221 τῶν
1028 1156 1139 1221 πολεων
1162 1163 1190 1226 ἐς
1212 1158 1287 1221 αὐτοὶ
1309 1159 1414 1226 εἶωθὸς
1436 1154 1574 1226 δέδοςθαι
1598 1163 1629 1220 ἐκ

298 1257 387 1335 μένων
409 1267 462 1324 τῶν
477 1257 624 1348 Ἰβηρικῶν
645 1258 739 1332 ἔλαβε
760 1256 808 1322 καὶ
829 1261 882 1322 ἀπ’
907 1261 998 1324 αὐτῶν
1019 1259 1050 1323 rd
1073 1257 1121 1336 μέν
1142 1286 1167 1322 τι
1189 1265 1218 1329 ἒς
1238 1261 1287 1337 τὴν
1308 1261 1400 1348 ἑορτὴν
1422 1301 1460 1309 -
1487 1267 1628 1326 nimirum

297 1361 347 1440 τὴν
368 1371 420 1426 τῶν
441 1361 575 1426 ἐπινικίων
591 1401 628 1412 -
645 1359 781 1426 οῗνοῖλωσε
802 1362 833 1426 rd
857 1357 888 1426 δὲ
909 1370 1005 1426 πλεῖον
1026 1367 1054 1430 ἒς
1076 1363 1111 1425 τὲ
1133 1359 1328 1434 βασίλειον.
1357 1357 1548 1426 κατακαυθὲν
1571 1363 1630 1449 ’γὰρ

299 1465 368 1527 αὐτό
392 1461 593 1546 ἀνῳκοδόμησε
614 1461 661 1528 uui
681 1461 857 1553 καθιέρωσεν
878 1457 977 1533 ἄλλοις
998 1461 1027 1527 σέ
1053 1493 1108 1527 τισι
1130 1473 1267 1552 λαμπροῖς
1288 1462 1438 1542 κοσμήσας
1458 1461 1506 1528 καὶ
1526 1461 1630 1527 εἶκόσιν

299 1562 335 1635 de
356 1567 435 1654 σωροὶ
457 1574 507 1630 τοῦ
521 1563 665 1656 Καίσαρος
686 1571 721 1636 ὡς
743 1564 790 1630 καὶ
812 1563 968 1631 ἀποδώσων
990 1563 1124 1652 ᾐτήσατο.
1162 1574 1265 1632 eodem
1289 1591 1366 1632 anno
1388 1574 1465 1633 idem
1490 1576 1525 1632 de
1539 1577 1630 1631 mani-

299 1676 368 1734 hieia
402 1677 550 1735 dedicavit
582 1697 646 1736 eam
680 1677 767 1735 basin
794 1676 934 1752 quodque
963 1675 990 1732 ei
1019 1675 1192 1752 impositum
1219 1676 1276 1734 fuit
1301 1694 1389 1753 quam
1416 1677 1495 1734 inter
1520 1676 1630 1733 rudera

299 1797 387 1837 areae
412 1797 502 1854 quam
525 1780 627 1838 dicunt
648 1779 806 1837 Palatinae
824 1797 935 1853 paucos
957 1779 1060 1836 abhinc
1082 1797 1172 1836 annos
1195 1777 1339 1838 effossam
1364 1785 1491 1836 testatur
1512 1777 1629 1836 Hence·

299 1897 356 1939 nus
383 1881 474 1938 huius
502 1881 701 1957 ephemeridis
728 1891 809 1938 tomo
835 1881 932 1957 primo
966 1901 994 1956 p.
1011 1879 1087 1950 215,
1118 1882 1166 1939 acl
1188 1883 1310 1957 peuacjo
1338 1879 1416 1939 1868
1444 1880 1629 1938 Lancianius

299 1983 511 2042 Viscontiusve
533 1985 602 2043 libri
625 1984 661 2042 de
682 1983 823 2042 Palatino
850 2001 879 2058 p.
899 1981 970 2040 12οε
994 1991 1107 2054 tacent,
1140 1992 1173 2041 ut
1195 1985 1325 2055 videtur,
1358 1984 1436 2041 Acta
1457 1983 1493 2041 P.
1517 1983 1628 2041 Rosae.

299 2083 337 2144 L.
360 2086 527 2144 Munatium
549 2086 696 2144 Plancum
723 2093 842 2144 constat
868 2085 973 2162 paucis
997 2094 1064 2143 ante
1091 2086 1178 2144 annis
1201 2085 1291 2162 (711)
1315 2083 1436 2145 Saturni
1458 2085 1561 2144 aedem
1583 2104 1630 2142 re-

298 2188 408 2247 fecisse
429 2197 499 2264 post
520 2187 702 2264 triumphum
725 2207 764 2246 ex
789 2185 892 2246 Gallia
913 2197 1025 2258 actum;
1048 2187 1181 2245 eiusdem
1203 2188 1285 2246 basis
1309 2190 1343 2246 da
1363 2185 1523 2264 manib(it's)
1550 2204 1630 2244 anno

300 2299 444 2365 sequente
467 2290 603 2349 dedicata
620 2307 712 2366 prope
734 2309 833 2349 orcum
856 2288 964 2361 Secari,
990 2291 1016 2347 si
1042 2289 1114 2348 fides
1137 2289 1276 2366 Torrigio
1299 2289 1477 2367 Pighioque,
1506 2290 1564 2347 hoc
1585 2297 1631 2346 est

299 2409 393 2467 prope
422 2391 523 2450 aedem
551 2395 589 2451 ab
616 2411 651 2450 eo
677 2391 817 2450 refectam
844 2401 965 2468 reperta
990 2400 1037 2450 est
1063 2391 1104 2466 (v.
1129 2390 1203 2467 Syll.
1226 2413 1254 2450 n.
1274 2391 1356 2467 126).
1400 2393 1506 2450 horum
1528 2411 1630 2449 exem-

299 2493 416 2570 plorum
439 2495 604 2554 similitudo
627 2513 721 2570 eaque
743 2503 835 2567 tanta,
859 2505 893 2552 ut
913 2495 962 2552 lac
983 2495 1053 2552 lacti
1069 2513 1129 2551 non
1152 2493 1279 2552 similius
1295 2493 1418 2566 dixeris,
1439 2513 1487 2552 me
1509 2504 1630 2551 movent

300 2604 334 2653 ut
356 2615 472 2654 sumam
495 2597 573 2673 quod
596 2595 739 2655 Henzeno
766 2615 872 2672 parum
899 2595 1120 2673 probabilitatis
1148 2597 1258 2655 habere
1284 2600 1383 2654 visum
1405 2605 1461 2669 est,
1491 2597 1628 2672 primitus

300 2699 385 2756 illam
401 2699 516 2756 Domiti
532 2700 618 2757 basin
641 2699 761 2758 stetisse
782 2699 814 2756 in
829 2699 905 2756 atrio
920 2699 1033 2774 Regiae
1055 2699 1093 2756 ab
1115 2699 1183 2774 ipso
1205 2698 1332 2756 refectae
1353 2717 1414 2756 una
1435 2717 1501 2756 cum
1524 2699 1629 2757 simili·

299 2801 366 2873 bus,
389 2803 497 2876 quibus
520 2792 630 2862 εἰκόνας
651 2801 720 2860 illos
748 2803 784 2859 ab
809 2800 975 2860 Octaviano
1003 2807 1142 2876 acceptos
1167 2801 1350 2876 imposuerit.
1395 2803 1473 2858 unde
1495 2803 1576 2876 quod
1597 2802 1627 2858 in

299 2903 458 2962 Palatinae
490 2904 597 2962 domus
632 2904 731 2962 aulam
764 2923 904 2962 areamve
933 2903 1067 2980 pervenit
1092 2921 1150 2961 non
1177 2903 1299 2960 mirum:
1333 2922 1403 2961 nam
1425 2922 1491 2961 cum
1514 2909 1631 2962 constet

299 3007 470 3082 Augustum
492 3027 508 3064 e
530 3005 628 3082 Regia
650 3007 797 3082 migrasse
818 3007 849 3064 in
872 3005 1033 3079 Palatium,
1056 3005 1190 3082 palatina
1216 3006 1322 3062 domus
1349 3013 1451 3080 utpote
1477 3005 1627 3083 pontificis

300 3109 425 3166 maximi
447 3111 491 3167 eis
514 3109 696 3167 ornamentis
723 3109 813 3184 digua
834 3108 960 3166 iudicari
986 3109 1083 3184 potuit
1110 3107 1218 3183 quibus
1245 3115 1330 3166 vetus
1352 3107 1449 3185 Regia
1470 3108 1542 3165 olim
1565 3117 1629 3165 ute-

299 3213 397 3269 batur.
414 3244 452 3254 -
468 3211 594 3287 Regiam
616 3211 819 3269 Domitianam
843 3211 894 3286 qui
916 3210 1076 3268 admodum
1099 3211 1237 3286 exiguam
1261 3211 1357 3268 fuisse
1378 3218 1485 3286 putant
1507 3209 1629 3268 Ovidia-

299 3314 347 3371 nis
370 3323 447 3372 certe
470 3313 651 3372 carminibus
674 3313 767 3371 'l'rist
785 3313 813 3384 3,
831 3315 857 3385 1,
875 3311 912 3368 27
926 3331 967 3370 ss.
991 3313 1054 3388 (ubi
1077 3317 1157 3388 repta
1175 3331 1272 3388 parva
1290 3311 1416 3387 Numae)
1438 3331 1499 3370 rem
1523 3321 1628 3388 suapte

299 3426 407 3474 natura
430 3417 483 3474 vix
505 3415 676 3474 credibilem
698 3416 775 3473 mals
796 3415 967 3472 defendunt.
1012 3415 1186 3491 quidquod
1211 3434 1249 3472 ne
1271 3423 1355 3472 vetus
1377 3415 1497 3490 quidem
1522 3414 1628 3492 Regia,

301 3519 411 3595 quippe
438 3537 514 3594 quae
540 3527 569 3576 et
593 3517 773 3576 tabularium
801 3526 849 3575 sat
874 3535 1013 3593 magnum
1040 3527 1069 3575 et
1098 3517 1229 3574 sacraria
1261 3515 1440 3593 supellectili
1475 3535 1628 3578 sacrorum

300 3621 489 3698 publicorum
511 3621 622 3678 referta
644 3619 695 3696 (de
717 3619 828 3696 quibus
851 3621 915 3678 dixi
938 3619 1015 3696 Top.
1040 3617 1068 3692 2,
1092 3618 1148 3677 271
1165 3619 1220 3694 ss.)
1248 3619 1428 3677 continuerit
1452 3621 1532 3678 intra
1552 3621 1626 3679 fines

304 3731 450 3801 angustos
473 3723 601 3781 coartari
628 3730 739 3798 potest.
782 3723 829 3781 his
850 3724 940 3781 rebus
962 3741 1041 3780 nunc
1062 3739 1182 3797 quoque
1204 3721 1364 3797 prohibeor
1381 3723 1541 3797 quominus
1564 3724 1628 3782 siue

300 3826 365 3882 ulla
381 3825 566 3885 dubitatione
581 3845 684 3883 eorum
701 3825 836 3900 opinioni
858 3825 1045 3884 subscribam
1062 3825 1113 3900 qui
1133 3824 1231 3882 fastos
1247 3821 1434 3899 Capitolinos
1450 3827 1488 3884 ab
1510 3845 1536 3883 a.
1559 3825 1628 3884 inde

302 3927 362 3984 742
385 3929 559 3986 marmoreis
581 3927 907 4004 RegiaeDomitianae
933 3927 1097 4003 parietibus
1124 3926 1285 4002 inscriptos
1312 3943 1379 3984 esse
1405 3928 1624 3986 contenderunt.

300 4049 369 4088 nam
386 4065 424 4074 -
440 4039 473 4088 ut
493 4039 627 4106 repetam
649 4049 725 4106 quae
747 4031 875 4107 exposui
891 4029 1022 4088 Hermae
1038 4030 1066 4102 7,
1084 4027 1142 4088 269
1156 4047 1180 4087 a.
1203 4047 1263 4086 non
1284 4029 1436 4087 intellecta
1457 4038 1490 4087 ut
1510 4030 1628 4090 videtur

301 4133 338 4190 ab
355 4131 467 4191 Ottone
482 4131 656 4190 Hirschfeld
676 4131 715 4190 ib.
734 4132 762 4204 9,
779 4133 816 4191 99
831 4151 876 4208 sq.
892 4165 932 4174 -
948 4139 1170 4208 parastatarum
1185 4150 1428 4202 marmorearum,
1451 4133 1558 4207 quibus
1577 4133 1628 4191 tri·

300 4235 404 4311 umphi
425 4234 562 4310 inscripti
582 4235 674 4307 fuere,
697 4253 734 4292 ea
755 4243 801 4293 est
822 4235 948 4294 altitudo
971 4235 1024 4310 (m.
1041 4235 1069 4306 3,
1087 4234 1150 4310 38),
1173 4242 1207 4290 ut
1228 4233 1346 4292 etiamsi
1367 4233 1449 4308 podii
1470 4235 1627 4294 trabeatio-

300 4338 407 4413 nisque
433 4337 514 4412 quod
540 4337 583 4394 eis
611 4337 768 4395 conveniat
794 4337 956 4408 addideris,
982 4337 1129 4412 parietum
1155 4336 1320 4394 aedificiive
1349 4337 1533 4394 altitudinem
1557 4355 1628 4395 sane

300 4458 445 4516 perquam
466 4438 606 4515 pusillam
630 4439 779 4498 effeceris:
812 4439 860 4498 his
893 4448 991 4495 autem
1023 4439 1189 4497 rationibus
1220 4438 1369 4495 hominem
1399 4439 1472 4496 artis
1500 4439 1628 4515 peritum

301 4541 499 4600 Lancianium
521 4541 640 4599 ductum
656 4541 752 4599 videri
775 4541 939 4616 significavi
962 4547 994 4598 ut
1014 4541 1110 4599 fastos
1133 4541 1234 4618 potius
1249 4541 1332 4616 operi
1356 4541 1503 4598 scalarum
1525 4542 1629 4618 templi

302 4643 439 4703 Castoris
465 4644 626 4718 inscriptos
653 4643 822 4714 coniecerit,
856 4645 940 4701 cuius
966 4643 1114 4700 altitudini
1146 4649 1318 4720 parastatae
1344 4643 1415 4699 illae
1441 4643 1628 4701 conveniant.

302 4765 398 4822 neque
426 4764 497 4804 vero
525 4746 603 4803 hanc
628 4747 829 4804 coniecturam
856 4753 998 4820 tanquam
1023 4755 1135 4804 certam
1161 4753 1212 4802 aut
1238 4755 1299 4802 tum
1326 4745 1452 4820 probavi
1478 4753 1529 4803 aut
1552 4763 1629 4802 nunc

302 4851 410 4924 probo:
434 4850 491 4907 hoc
513 4849 656 4922 sustine0,
679 4849 851 4924 neutiquam
869 4849 904 4906 de
919 4847 1033 4923 Regiae
1048 4848 1209 4924 parietibus
1232 4847 1375 4905 fastorum
1395 4847 1540 4904 memoria
1562 4866 1629 4904 con·

302 4951 422 5026 scriptis
445 4953 577 5011 decisum
599 4969 667 5010 esse
688 4951 771 5027 prius
794 4969 885 5026 quarn
907 4951 1060 5009 architecti
1083 4951 1187 5008 harum
1209 4969 1308 5006 rerum
1323 4949 1410 5024 periti
1426 4956 1518 5006 totam
1540 4967 1627 5024 quae-

304 5053 430 5110 stionem
463 5055 499 5112 ad
531 5055 604 5112 artis
636 5055 733 5130 legem
766 5053 1020 5130 pertractaverint.
1066 5071 1120 5130 ego
1148 5052 1229 5128 quod
1256 5052 1295 5109 ad
1320 5071 1382 5108 rem
1409 5052 1557 5128 pertineat
1578 5053 1629 5107 vix

303 5155 464 5230 quicquam
486 5156 595 5214 addere
615 5174 739 5233 possum
761 5165 880 5232 praeter
906 5175 942 5214 ea
967 5173 1043 5232 quae
1069 5156 1223 5230 hucusque
1245 5154 1406 5230 disputavi.
1449 5173 1517 5211 nam
1541 5155 1628 5210 etiam

303 5265 373 5333 post
393 5255 514 5315 inventa
539 5257 585 5316 his
614 5258 700 5315 anuis
728 5277 806 5316 nova
826 5257 973 5316 fastorum
996 5257 1164 5335 fragmenta
1184 5274 1233 5315 res
1248 5273 1291 5315 ·e0
1313 5256 1399 5329 redit,
1422 5263 1464 5327 ut,
1487 5255 1627 5330 quoniam
