3620 6050
507 649 809 702 ossnavamouas
836 651 1120 703 611661116661.
1404 635 1477 706 933

151 827 227 884 61661
249 828 330 904 regis
353 847 370 886 a
393 825 473 886 Gaio
495 829 674 905 imperatore
695 833 866 903 perpetrata
894 835 923 884 et
949 826 987 884 ab
1013 827 1070 885 hoc
1096 827 1314 906 quodammodo
1340 829 1480 889 incohata

151 937 229 987 recte
256 930 293 988 ad
322 927 479 988 Claudiani
508 929 624 1007 imperii
650 928 767 988 initium
795 929 952 1001 reseratum
985 929 1124 1007 Aequum
1156 937 1254 991 autem
1284 933 1402 1009 quando
1431 951 1479 990 co-

149 1032 233 1089 lonia
265 1032 394 1090 deducta
426 1034 475 1106 sit,
507 1033 668 1110 ignoratur.
723 1030 783 1093 Sed
818 1052 890 1092 mox
925 1033 1090 1110 imperante
1124 1031 1251 1093 claudio
1282 1041 1402 1112 recepta
1434 1046 1481 1096 est

149 1133 293 1210 gliscente
319 1134 349 1192 in
376 1135 440 1194 dies
463 1136 649 1206 adulatione;
675 1154 771 1212 neque
797 1135 927 1210 amplius
954 1142 1014 1193 tum
1039 1135 1199 1196 obstabant
1224 1155 1301 1213 quae
1324 1138 1481 1197 obstitisse

149 1235 280 1296 vidimus
295 1237 461 1313 imperante
475 1239 622 1315 Augusto,
638 1237 766 1296 comitiis
780 1238 898 1296 interim
913 1257 931 1296 a
945 1239 1059 1315 populo
1075 1237 1112 1296 ad
1128 1243 1263 1298 senatum
1278 1241 1434 1299 traductis.

233 1339 342 1397 Flavia
369 1341 476 1400 domus
504 1341 593 1398 ducta
619 1359 638 1398 6
664 1341 812 1416 municipe
839 1339 967 1400 Reatino
1001 1337 1137 1416 (Sueten.
1165 1341 1257 1420 Vesp.
1288 1342 1319 1418 1)
1345 1342 1378 1400 in
1403 1343 1482 1402 tribu

150 1440 348 1500 Reatinorum
373 1443 464 1501 fuerit
489 1461 611 1504 necesse
633 1453 688 1517 est,
716 1461 791 1520 quae
812 1442 869 1500 fuit
891 1439 1026 1516 Quirina.
1069 1443 1144 1501 Eius
1166 1443 1258 1522 igitur
1279 1445 1374 1504 tribus
1396 1464 1482 1505 usur·

150 1543 304 1620 petionem
336 1565 391 1622 per
425 1547 597 1622 provincias
629 1545 776 1605 latissime
804 1553 953 1621 patentem
980 1545 1018 1603 ad
1047 1545 1269 1623 Vespasianum
1290 1548 1482 1624 potissimum

151 1645 352 1706 revocandam
375 1665 442 1706 esse
463 1649 619 1724 probabile
641 1657 696 1720 est,
719 1667 843 1723 eamque
865 1649 1065 1706 coniecturam
1080 1656 1272 1708 monumenta
1294 1649 1483 1726 aliquatenus

150 1757 230 1806 certe
253 1749 439 1808 confirmant.

238 1852 331 1926 Apud
352 1851 506 1930 Hispanos
537 1873 604 1912 eum
633 1853 729 1913 tribus
759 1851 887 1926 Quirina
913 1854 1028 1930 passim
1055 1853 1235 1926 inveniatur,
1268 1853 1403 1913 coloniae
1430 1874 1483 1914 eae

152 1961 182 2010 et
207 1953 373 2030 municipia
398 1975 442 2029 ea,
476 1975 552 2032 quae
579 1965 648 2015 ante
676 1956 897 2031 Vespasianum
930 1957 968 2014 ad
1000 1956 1150 2014 civitatem
1181 1963 1390 2033 pervenerunt,
1423 1976 1483 2015 non

152 2074 189 2113 ea
216 2063 349 2128 utuntur,
383 2058 436 2116 sed
463 2059 615 2136 adscripta
642 2067 712 2116 sunt
740 2059 883 2136 pleraque
912 2055 1062 2130 Gaianae,
1099 2069 1132 2116 ut
1158 2058 1297 2132 Barcino,
1331 2058 1483 2137 Carthago

152 2176 245 2230 nova,
280 2157 419 2232 Castulo,
453 2159 576 2234 Clunia,
611 2159 765 2233 Corduba,
799 2157 917 2232 Gades,
949 2160 1095 2236 Hispalis,
1128 2160 1318 2240 Nertobriga,
1352 2161 1483 2240 Olisipo,
1589 2165 1602 2186 ”

154 2261 329 2338 Saguntum,
353 2263 497 2336 Tarraco,
519 2262 598 2323 Urso
622 2263 673 2340 (cf.
697 2264 785 2321 huius
809 2264 876 2339 eph.
898 2261 1130 2340 voluptas
1154 2282 1182 2320 6.
1200 2263 1286 2340 308),
1312 2265 1373 2324 6116
1394 2265 1483 2342 Papi-

153 2366 224 2439 riae,
259 2373 406 2442 utsupra
438 2367 615 2436 rettulimuS,
650 2366 710 2424 alia
742 2365 870 2442 denique
899 2363 1030 2442 Sergiae.
1075 2363 1190 2424 Contra
1217 2365 1344 2441 Quirina
1372 2367 1486 2427 obtinet

153 2471 185 2528 in
207 2468 328 2546 oppidis
350 2469 400 2540 iis,
422 2488 498 2545 quae
520 2489 574 2546 per
589 2468 809 2546 Vespasianum
832 2475 950 2526 constat
971 2468 1008 2526 ad
1031 2466 1222 2526 Latinitatem
1245 2469 1430 2545 pervenisse,
1453 2479 1485 2529 ut

155 2579 225 2630 sunt
246 2571 366 2630 Malaca
393 2571 671 2647 (1611161970.
699 2573 786 2632 1973.
814 2569 905 2645 1975)
934 2577 963 2628 61
986 2567 1134 2646 Salpensa
1156 2569 1209 2645 (Il,
1229 2569 1331 2648 1986),
1359 2587 1485 2648 quarum
1566 2629 1571 2639 ,

155 2681 259 2733 extant
280 2673 362 2750 leges
386 2673 520 2747 Flaviae,
543 2675 614 2732 item
637 2674 730 2745 lluro,
759 2675 842 2732 cuius
864 2673 938 2732 civis
960 2673 1103 2731 habemus
1126 2673 1243 2732 titulum
1266 2677 1406 2734 civitatem
1427 2675 1484 2733 ao-

156 2796 269 2836 mcacm
293 2795 349 2852 per
377 2777 507 2836 1166616111
536 2777 702 2836 duoviratus
734 2780 876 2836 consecuti
912 2775 1113 2853 adscriptique
1146 2777 1190 2835 ita
1222 2776 1313 2835 tribui
1341 2774 1485 2850 Quirinae

156 2880 212 2956 (II,
235 2879 340 2955 1945).
395 2879 553 2942 Eiusdem¹
573 2863 667 2938 tribus
701 2897 768 2938 esse
805 2879 996 2938 inveniuntur
1032 2879 1196 2956 municipia
1226 2878 1334 2938 Flavia
1366 2879 1485 2938 Ebusus

156 2982 212 3058 (ll,
230 2981 322 3040 3659.
359 2981 449 3040 3661.
484 2981 596 3058 3669),
627 2981 716 3058 Mago
750 2981 806 3058 (ll,
824 2981 913 3041 3033.
950 2979 1040 3039 3709.
1076 2981 1165 3039 3710.
1201 2981 1310 3057 3711),
1344 2979 1486 3040 Nessana

156 3084 211 3161 (II,
228 3083 335 3160 9611),
366 3082 495 3161 Singilia
525 3084 571 3160 (II
597 3105 626 3161 p.
644 3082 732 3160 979);
763 3086 833 3142 11616
862 3083 1080 3160 Flaviaugusta
1111 3083 1167 3160 (II,
1188 3083 1284 3159 4196)
1317 3091 1347 3142 61
1378 3085 1487 3161 Aquae
1529 3095 1532 3102 '

155 3185 487 3262 1161166(ΙΙ,4904);
516 3186 643 3263 denique
671 3208 725 3265 per
751 3187 920 3245 universam
942 3185 1122 3263 Hispaniam
1146 3186 1256 3264 oppida
1282 3185 1343 3244 fere
1371 3187 1487 3264 ignobi-

137 3290 233 3368 ,liora
255 3298 286 3347 et
308 3307 352 3361 ea,
380 3288 418 3346 ad
440 3307 516 3364 quae
543 3289 698 3364 probabile
721 3289 761 3348 sit
782 3290 963 3367 pertinuisse
985 3289 1225 3348 constitutionem
1249 3288 1429 3364 Vespasiani
1450 3289 1487 3347 de

156 3393 220 3450 iure
235 3391 317 3449 Latii
332 3392 490 3450 tribuendo
501 3391 649 3469 Hispanis
664 3393 802 3451 omnibus
819 3392 916 3450 adhuc
931 3391 1108 3468 peregrinis.
1131 3391 1215 3450 Haec
1230 3392 1282 3467 qui
1295 3391 1488 3464 intellexerit,

156 3496 226 3552 item
253 3493 409 3570 intelleget
430 3493 651 3572 Vespasianum
672 3493 819 3572 Hispanis
848 3496 896 3553 ius
917 3493 998 3553 Latii
1025 3513 1061 3553 eo
1088 3494 1177 3551 modo
1206 3493 1336 3567 dedisse,
1364 3505 1397 3552 ut
1424 3495 1489 3570 qui·

157 3615 282 3673 cumque
307 3597 470 3654 secundum
492 3597 522 3654 id
538 3617 592 3674 per
612 3597 755 3656 honorem
772 3597 809 3655 ad
825 3597 975 3656 civitatem
991 3597 1157 3656 Romanam
1181 3596 1379 3672 pervenirent,
1401 3596 1490 3655 tribui

158 3697 305 3772 Quirinae
320 3699 568 3758 adscriberentur.
614 3696 711 3772 Quam
734 3700 772 3758 ob
794 3719 856 3757 rem
878 3699 1057 3774 ubicumque
1072 3717 1108 3758 ea
1128 3699 1223 3758 tribus
1236 3698 1396 3769 invenitur,
1419 3697 1489 3758 inde

157 3801 194 3861 de
215 3801 392 3860 condicione
415 3801 517 3879 oppidi
539 3808 617 3860 recte
640 3803 811 3860 coniectura
833 3801 899 3877 capi
920 3810 1029 3877 potest.

240 3904 279 3961 In
302 3901 441 3964 Sardinia
463 3902 694 3980 (Grotefendius
717 3903 737 3962 l.
753 3922 777 3961 c.
800 3924 829 3980 p.
847 3902 895 3962 99.
913 3903 966 3978 93)
990 3911 1018 3960 61
1039 3904 1070 3962 16
1092 3903 1200 3962 insulis
1217 3901 1322 3961 Melita
1341 3912 1371 3961 et
1390 3901 1488 3963 Gaulo

160 4007 233 4083 (1.6.
256 4025 286 4082 p.
304 4005 358 4082 99)
386 4007 483 4065 tribus
507 4005 635 4080 Quirina
662 4007 732 4064 item
759 4005 902 4083 primaria
927 4013 987 4078 est;
1015 4023 1092 4082 quae
1117 4006 1166 4064 hic
1188 4023 1307 4081 quoque
1328 4005 1490 4064 videndum

159 4117 204 4168 est
225 4128 299 4168 num
321 4109 528 4185 proficiscatur
551 4129 568 4168 a
589 4108 792 4186 Vespasiano,
816 4107 927 4185 pariter
949 4115 1039 4184 atque
1061 4125 1125 4166 eam
1149 4107 1186 4166 ad
1209 4126 1275 4165 eum
1298 4107 1394 4166 redire
1415 4108 1490 4167 vidi·

159 4229 225 4270 mus
248 4211 280 4268 in
303 4209 484 4270 Baliaribus.

243 4313 294 4370 Ad
322 4309 453 4372 Galliam
479 4315 560 4389 quod
587 4315 701 4387 attinet,
730 4314 817 4372 unica
843 4313 923 4391 quod
951 4313 1043 4372 sciam
1071 4312 1176 4371 civitas
1204 4312 1312 4372 Flavia
1338 4315 1380 4373 ibi
1403 4315 1491 4387 dicta,

162 4435 269 4492 nempe
297 4414 415 4473 colonia
436 4417 495 4476 Pia
516 4417 624 4476 Flavia
647 4417 799 4476 Constans
822 4417 956 4476 Emerita
976 4415 1184 4474 Helvetiorum
1206 4417 1395 4490 Aventicum,
1420 4418 1492 4476 item

163 4521 307 4596 Quirinae
330 4520 483 4598 adscripta
505 4527 552 4578 est
574 4517 756 4594 (Grotefend
776 4520 796 4580 l.
813 4539 838 4579 c.
861 4539 890 4596 p.
909 4519 992 4595 194).
1036 4517 1154 4577 Τ66616
1181 4537 1257 4594 quae
1284 4527 1439 4595 praeterea
1461 4520 1491 4576 in

163 4625 266 4686 Gallia
293 4623 486 4682 inveniuntur
512 4621 644 4680 eiusdem
671 4622 766 4681 tribus
793 4621 935 4698 16616161)
963 4641 1033 4679 num
1062 4622 1101 4679 ad
1127 4620 1253 4679 eundem
1282 4621 1492 4697 imperatorem

162 4729 340 4806 pertineant,
363 4725 535 4783 examinent
555 4723 577 4782 ii
599 4724 650 4799 qui
672 4743 724 4783 eos
746 4725 850 4783 titulos
873 4722 1033 4800 aliquando
1054 4723 1259 4781 recensebunt.

246 4829 333 4886 Idem
354 4827 467 4884 obtinet
488 4826 519 4883 in
541 4826 705 4903 provinciis
726 4825 931 4885 Danuvianis:
960 4833 1039 4884 certe
1065 4825 1097 4883 in
1120 4821 1247 4896 Quirina
1271 4823 1391 4882 fuerunt
1412 4824 1492 4882 colo·

162 4934 229 4991 niae
244 4930 372 4990 Flaviae
393 4927 436 4985 ibi
455 4928 635 4986 constitutae
651 4925 792 4988 Sirmium
814 4929 846 4986 in
864 4927 1023 4986 Pannonia
1043 4925 1184 4984 inferiore
1207 4925 1280 5000 (vol.
1297 4923 1347 4984 III
1361 4945 1390 5002 p.
1407 4926 1493 5002 418),

165 5033 263 5096 Siscia
289 5033 321 5090 in
349 5029 506 5090 Pannonia
536 5030 689 5106 superiore
717 5029 819 5106 (huius
849 5029 917 5104 eph.
938 5029 998 5087 vol.
1014 5029 1044 5086 II
1066 5049 1093 5106 p.
1111 5027 1171 5084 414
1194 5047 1222 5084 6.
1240 5025 1325 5104 838),
1349 5025 1443 5088 Solva
1463 5029 1495 5088 in

241 5257 265 5319 ¹)
306 5256 425 5320 Augusta
443 5255 555 5306 Raurica
574 5270 728 5321 quamquam
749 5255 862 5306 eiusdem
882 5255 962 5305 tribus
982 5261 1028 5318 est,
1053 5255 1098 5303 vix
1119 5267 1176 5302 eam
1195 5267 1211 5302 a
1230 5255 1390 5319 Vespasiano
1410 5255 1495 5305 abstu-

166 5349 202 5412 lit,
222 5365 281 5399 cum
302 5348 383 5398 multo
403 5355 462 5398 6616
482 5349 634 5398 coloniaco
655 5347 764 5400 deducta
783 5348 824 5398 sit.
