3632 6040
589 637 640 688 nn
668 637 831 689 msrsuo
859 635 1038 698 nunmvo.
1440 621 1483 690 19

148 811 234 886 gunti
257 819 286 867 et
302 807 437 881 Saetabi3
460 810 567 886 quibus
591 811 685 869 titulis
707 810 876 887 interpositi
899 819 968 869 sunt
989 809 1076 885 pauci
1098 809 1219 870 aliunde
1239 811 1368 884 oriundi,
1389 811 1486 870 Mala·

148 911 425 984 11111111114691,
448 912 584 972 Accitaui
600 912 692 972 4943.
716 912 807 972 3393.
831 912 923 984 3397,
946 910 1099 972 Oscenses
1121 912 1337 973 3003-3005.
1381 912 1408 970 E
1432 911 1485 973 Sa·

148 1015 282 1091 guntinis
297 1015 387 1072 huius
408 1015 498 1072 seriei
519 1003 616 1073 titulis
631 1014 770 1072 nonnulli
791 1013 919 1073 redeunt
940 1014 1020 1092 apud
1036 1015 1213 1092 Antiquam,
1237 1015 1289 1074 sed
1305 1016 1348 1074 ita
1364 1022 1398 1073 nt
1412 1034 1485 1074 neu-

149 1126 228 1176 trum
250 1116 423 1192 exemplum
445 1117 482 1176 ab
505 1116 600 1175 altero
621 1116 752 1193 pendere
774 1117 965 1176 manifestum
988 1118 1037 1177 sit.

234 1217 341 1278 Ortam
357 1237 424 1278 esse
445 1219 522 1276 hanc
542 1219 748 1278 collectionem
767 1238 827 1278 non
843 1220 968 1278 multum
991 1225 1060 1295 post
1081 1219 1199 1279 initium
1221 1238 1300 1280 saec.
1315 1221 1403 1294 XVI,
1426 1221 1485 1280 iam

149 1341 185 1381 eo
208 1323 286 1398 ipso,
309 1320 390 1397 quod
411 1321 443 1379 in
464 1321 541 1380 libro
564 1321 780 1380 Filenardiano
809 1322 928 1398 legitur,
957 1323 1032 1382 satis
1061 1323 1220 1398 probatum
1248 1335 1404 1399 praeterea
1433 1323 1485 1382 ob-

151 1424 333 1484 servandum
361 1432 421 1496 est,
449 1423 529 1481 haud
557 1442 625 1482 raro
653 1443 718 1482 eam
744 1424 872 1482 similem
900 1443 967 1484 esse
995 1424 1186 1484 collectaneis
1213 1424 1357 1484 Iohannis
1378 1425 1486 1484 Bembi

150 1547 177 1584 a.
203 1526 283 1585 1505
305 1526 353 1584 his
375 1527 407 1583 in
429 1525 600 1601 regionibus
622 1525 678 1584 iter
699 1525 852 1598 facientis;
875 1525 1106 1586 1111111113760
1129 1533 1158 1584 et
1179 1526 1271 1599 3899,
1293 1547 1419 1604 quarum
1441 1527 1486 1585 in·

150 1629 349 1706 scriptionum
371 1628 453 1686 illius
475 1646 547 1704 pars
570 1627 704 1699 dimidia,
731 1628 806 1687 haec
832 1637 897 1688 tota
918 1648 937 1688 a
964 1629 1028 1688 solo
1051 1628 1164 1688 Bembo
1192 1628 1291 1688 adhuc
1313 1631 1400 1690 nobis
1423 1647 1485 1690 ser·

149 1741 220 1790 vata
241 1741 315 1802 erat,
337 1731 390 1808 qui
413 1730 532 1789 aliunde
554 1748 605 1790 eas
629 1748 662 1789 se
684 1730 830 1806 accipisse
852 1731 934 1804 dicit,
956 1731 1005 1790 hic
1026 1731 1202 1807 redeunt¹);
1224 1733 1294 1792 item
1317 1752 1346 1791 11.
1363 1732 1443 1792 3937
1468 1751 1486 1790 a

150 1834 267 1893 Bembo
289 1854 305 1892 e
328 1832 428 1910 lapide
450 1833 612 1909 descripta,
640 1833 689 1891 ubi
712 1851 807 1909 aeque
829 1832 938 1892 desunt
959 1834 1012 1892 alii
1033 1841 1190 1905 auctores;
1216 1833 1341 1893 113851
1366 1834 1485 1894 initium

149 1936 229 1995 tituli
253 1944 359 1995 auctor
380 1944 483 1994 noster
506 1935 589 2006 vidit,
613 1944 645 1993 ut
666 1935 813 1993 dederunt
834 1935 966 1994 Bembus
989 1943 1019 1994 et
1045 1937 1072 1995 is
1100 1937 1178 1995 unde
1200 1937 1331 2014 pendent
1356 1937 1486 1995 schedae

149 2039 306 2111 Bouhieri,
329 2038 473 2114 integrius
496 2055 584 2113 quam
608 2034 719 2097 Strada
740 2038 933 2096 Mameranus
955 2038 1075 2114 reliqui.

235 2139 476 2199 Commemoravi
502 2139 573 2212 iam,
601 2139 726 2215 Antiqui
749 2140 890 2215 exempla
910 2139 941 2198 in
968 2140 1053 2200 libris
1075 2140 1247 2218 Peutingeri
1270 2137 1377 2201 Sanuti
1400 2141 1486 2200 Filo·

150 2243 299 2301 nardiano
321 2243 432 2301 tradita
453 2242 490 2299 ad
512 2241 639 2300 eundem
663 2241 774 2298 fontem
796 2261 815 2299 a
836 2240 960 2301 Siedero
982 2243 1135 2302 diversum
1157 2243 1268 2315 redire;
1290 2244 1399 2302 borum
1422 2264 1485 2302 rur-

151 2363 204 2404 sus
222 2345 454 2404 Filonardianus
478 2353 507 2402 et
522 2342 655 2404 Sanutus
677 2345 756 2402 idem
778 2344 949 2422 exemplum
964 2344 1185 2424 Peutingerano
1201 2346 1377 2422 plerumque
1400 2365 1486 2423 prae·

151 2448 306 2506 ferendum
328 2453 555 2523 repraesentant
581 2447 631 2504 ille
659 2446 772 2522 optime
799 2446 847 2505 hic
873 2445 1050 2524 pessimei).
1094 2447 1204 2506 Mirum
1225 2467 1298 2507 vero
1324 2455 1380 2521 est,
1406 2448 1485 2525 quod

149 2551 225 2608 locis
247 2549 400 2608 nonnullis
422 2567 540 2607 omnem
563 2549 777 2608 dubitationem
801 2548 1029 2608 excludentibus
1051 2549 1283 2622 demonstratur,
1310 2549 1341 2608 in
1363 2550 1487 2610 Baetica

150 2663 236 2728 parte
259 2650 442 2711 collectionis
464 2651 611 2710 interdum
641 2651 758 2709 codices
781 2651 1035 2728 Peutingeranum
1058 2661 1088 2712 et
1109 2651 1360 2712 Filonardianum
1382 2653 1486 2712 eadem

149 2756 225 2814 vitia
247 2755 399 2825 exhibere,
422 2755 530 2829 quibus
547 2751 678 2814 Sanctus
702 2751 835 2830 vacat³);
858 2754 936 2812 unde
952 2756 1111 2814 aestimare
1129 2755 1199 2814 licet
1215 2757 1322 2815 aetatis
1342 2756 1423 2815 illius
1438 2757 1485 2814 his

150 2861 181 2914 in
205 2857 314 2914 studiis
336 2856 514 2915 industriam
536 2856 568 2913 in
591 2856 777 2933 syllogarum
793 2857 940 2934 exemplis
962 2857 1010 2914 his
1032 2857 1094 2914 illis
1109 2857 1296 2917 conferendis
1318 2876 1487 2936 propagau-

150 2960 258 3035 disque
281 2959 441 3016 hincinde
464 2976 524 3016 non
546 2958 644 3016 minus
666 2959 819 3017 erroribus
842 2978 931 3036 quam
953 2978 1034 3018 vero.

236 3061 273 3120 V.
317 3059 412 3118 Liber
446 3061 638 3120 Psnunusrs
687 3061 723 3118 In
755 3062 814 3119 fine
845 3060 983 3120 editionis
1016 3061 1180 3134 Mazochii,
1213 3080 1289 3138 quae
1317 3071 1405 3121 antea
1431 3063 1488 3122 luit

152 3163 322 3236 Paciaudii,
345 3181 424 3221 nunc
447 3170 585 3222 servatur
605 3163 636 3220 in
658 3162 730 3222 bibl.
745 3181 806 3238 reg.
824 3163 983 3222 Parmensi
1006 3163 1049 3239 (n.
1066 3163 1193 3240 22763),
1216 3165 1330 3224 inserta
1353 3174 1422 3224 suut
1442 3165 1487 3222 fo-

150 3266 192 3324 lia
214 3285 304 3324 manu
327 3266 439 3343 scripta
462 3266 510 3336 16,
533 3283 610 3340 quae
632 3266 786 3324 continent
806 3265 979 3324 intermixta
998 3276 1027 3325 et
1047 3266 1264 3326 recentioribus
1286 3275 1317 3326 et
1337 3268 1486 3344 antiquio-

150 3369 291 3426 ribus-
307 3386 376 3426 nam
405 3368 494 3426 etiam
523 3367 737 3444 Antiquissimi
764 3385 853 3444 quem
879 3376 968 3427 vocat
989 3368 1170 3428 Huebnerus
1196 3369 1345 3446 quaedam
1371 3371 1421 3429 hic
1442 3391 1487 3429 re-

151 3471 243 3529 deunt
257 3503 297 3514 -—
312 3470 408 3529 multa
429 3488 468 3528 ex
491 3470 627 3546 Antiquo
650 3469 784 3529 derivata
807 3470 841 3544 (f.
861 3465 963 3528 1’-3’.
986 3467 1284 3548 10.13‘.15-16‘).
1330 3471 1416 3548 Quae
1437 3473 1486 3530 hic

150 3573 213 3631 illic
235 3572 477 3646 commemoravi,
504 3581 648 3648 perpetuo
675 3591 733 3630 non
762 3571 894 3644 adhibui,
922 3592 988 3632 cum
1016 3574 1116 3633 brevis
1137 3582 1252 3632 tautum
1276 3593 1377 3633 eorum
1400 3575 1487 3633 folio-

152 3694 218 3734 rum
234 3675 398 3753 descriptio
413 3694 432 3732 a
447 3675 621 3734 Bormanno
638 3675 775 3734 confecta
789 3683 910 3751 praesto
928 3675 999 3734 mihi
1022 3685 1111 3750 esset,
1135 3695 1224 3753 quam
1246 3677 1370 3736 comiter
1383 3677 1487 3737 Hueb-

152 3797 242 3837 nerus
263 3796 377 3837 mecum
400 3778 639 3837 communicavit.
653 3810 694 3822 -

230 4021 256 4087 ¹)
276 4022 406 4073 Adscribe
425 4022 468 4071 hic
487 4021 554 4072 tituli
575 4022 645 4072 3899
666 4021 813 4086 exemplum
825 4019 1049 4083 Filonardianum,
1069 4028 1098 4070 ut
1111 4037 1168 4071 curn
1181 4021 1279 4071 Bembo
1300 4021 1333 4072 ab
1347 4022 1486 4072 Huebnero

151 4116 186 4165 ad
206 4115 269 4165 11.1.
289 4115 368 4164 allato
388 4116 533 4180 comparari
553 4115 647 4179 possit:
662 4129 692 4180 p.
713 4113 839 4164 cornelius
857 4113 963 4163 commus
982 4113 1170 4180 emiliapasid.
1189 4131 1304 4164 1111131.
1325 4122 1350 4164 et
1367 4131 1388 4164 a.
1419 4115 1486 4165 Item

151 4209 224 4259 3861
245 4207 382 4269 (Bembus:
407 4206 493 4256 datum
516 4205 579 4258 miti
593 4206 651 4271 fait
669 4203 807 4272 Sagunti):
833 4223 854 4256 c.
875 4205 955 4256 lucili.
968 4205 1022 4271 firi.
1041 4207 1069 4256 ii.
1094 4207 1143 4256 cir.
1163 4207 1274 4258 tumeret.
1293 4208 1363 4274 refic.
1401 4209 1486 4258 Etiam

150 4317 178 4350 n.
193 4298 266 4350 3926
287 4301 396 4364 integer,
417 4301 519 4365 qualem
540 4300 624 4350 adhuc
644 4315 676 4349 ex
696 4299 752 4349 solo
764 4299 864 4350 Bembo
884 4314 1047 4362 noveramus,
1067 4299 1109 4349 hic
1123 4300 1191 4349 redit
1211 4300 1275 4361 (1.2
1291 4301 1412 4368 pompeia
1425 4301 1486 4350 aste.

149 4409 196 4443 roe
215 4401 243 4442 ut
262 4393 331 4458 apud
350 4391 497 4455 Bembum).

231 4483 255 4546 ²)
275 4485 336 4536 Non
356 4485 407 4535 nisi
427 4501 459 4536 ex
480 4485 610 4536 communi
635 4484 775 4549 archetypo
795 4483 922 4548 explicari
947 4491 1033 4548 potest
1051 4501 1074 4534 v.
1095 4501 1117 4534 c.
1138 4485 1216 4535 series
1235 4485 1368 4536 titulorum
1387 4486 1487 4550 Sagun-

151 4579 275 4627 tinorum.
313 4578 452 4639 Vitiorum,
478 4593 543 4643 quae
566 4577 616 4627 Fil.
637 4583 662 4626 et
687 4579 748 4630 San.
774 4577 920 4626 eommunia
945 4576 1073 4637 exhibent,
1100 4577 1221 4641 exemplu
1244 4577 1372 4627 sufficiant
1395 4592 1486 4642 pauca.

151 4672 186 4720 In
205 4670 256 4719 fine
275 4686 301 4720 11.
317 4669 388 4720 3835
408 4671 478 4735 apud
496 4676 631 4735 utrumque
650 4675 780 4719 auctorem
800 4671 887 4719 nescio
906 4669 974 4718 unde
995 4669 1166 4719 adhaeserunt
1185 4669 1262 4718 verba
1284 4666 1417 4734 Corayuni.
1432 4670 1486 4719 nai.

151 4761 237 4812 herus.
256 4760 280 4811 11.
294 4778 317 4811 r.
332 4761 451 4823 (coretum
469 4762 595 4812 nolueras.
610 4760 633 4812 lt.
648 4778 669 4814 c.
684 4762 767 4823 Sam).
781 4787 815 4796 -
833 4763 911 4823 1172,
927 4763 943 4811 2
967 4759 1053 4811 Potito
1072 4763 1156 4812 omitt.
1176 4762 1226 4812 Fit.
1246 4761 1308 4814 San.
1324 4789 1357 4799 -
1374 4761 1454 4824 2040,
1470 4764 1485 4811 2

148 4871 225 4922 proc.
244 4871 275 4916 1,·
295 4856 313 4904 4
333 4853 432 4904 nasas
450 4855 500 4904 111.
521 4855 631 4908 3111-
648 4855 727 4917 aare,
745 4857 758 4904 1
780 4853 805 4904 a.
825 4870 897 4904 111.
917 4855 1000 4904 omns.
1019 4854 1070 4905 111.
1090 4855 1153 4906 san.
1454 4833 1458 4840 '

231 4943 256 5008 ³)
275 4947 361 4996 Verba
380 4962 446 5010 quae
465 4953 524 4996 sunt
536 4947 696 5014 municipium
708 4944 817 4997 Albense
834 4943 993 4996 Urcaonense
1010 4946 1102 4998 aSan.
1122 4951 1190 4994 recte
1211 4946 1371 4997 collocantur
1389 4948 1416 4997 in
1436 4948 1488 4997 fine

150 5039 222 5088 tituli
246 5040 368 5100 112111,
389 5054 405 5088 a
429 5039 504 5088 Peut.
524 5046 550 5088 et
567 5039 617 5089 llil.
637 5045 830 5105 praeponuntur
853 5055 879 5089 n.
895 5040 975 5089 2109.
990 5063 1024 5073 -
1040 5037 1151 5099 2105,2
1172 5037 1239 5104 Aaq.
1260 5055 1311 5088 om.
1331 5039 1381 5089 Fil.
1401 5039 1487 5100 Pena,

151 5131 233 5180 habet
256 5130 318 5182 San.
338 5157 372 5166 -
400 5130 481 5192 3312,
503 5135 515 5180 1
537 5130 562 5180 d.
583 5149 614 5181 m.
640 5147 660 5182 s.
681 5147 732 5182 om.
757 5131 807 5182 Fil.
827 5131 915 5192 Paut,
945 5129 1023 5180 habet
1044 5131 1106 5182 San.
1131 5129 1146 5178 5
1170 5132 1304 5180 ccxxxviii
1327 5132 1377 5181 Fit.
1402 5132 1487 5192 Pena,

151 5223 273 5272 xxxxviii
290 5230 357 5273 recte
375 5224 437 5276 San.
453 5247 486 5259 -
504 5224 573 5275 1398
593 5225 667 5276 Peut.
687 5231 713 5273 et
725 5224 774 5275 llil.
793 5237 899 5288 prorsus
919 5223 1089 5284 consentiunt,
1110 5223 1202 5273 melius
1220 5231 1249 5274 ut
1267 5223 1368 5274 videtur
1386 5224 1487 5272 titulum

153 5313 262 5365 exhibet
281 5315 344 5367 San.

1239 5401 1283 5463 2.
