3596 6040
562 2089 1024 2204 ADDITAMENTA

486 2327 853 2412 inconsonis
886 2329 1001 2412 101.
1023 2329 1106 2410 vu.

128 2704 248 2861 Quod
271 2775 401 2833 triennio
425 2784 493 2851 post
509 2777 646 2834 volumen
671 2777 805 2853 corporis
829 2778 987 2854 septimum
1011 2777 1121 2835 editum
1137 2777 1188 2835 vix
1211 2777 1315 2852 elapso
1339 2778 1460 2854 supple·

127 2885 261 2934 mentum
291 2877 356 2936 eius
383 2877 431 2934 hic
457 2879 634 2955 proponitur
662 2879 766 2936 titulos
793 2879 948 2936 continens
974 2897 1077 2936 reeens
1105 2879 1237 2936 detectos
1265 2879 1334 2954 plus
1361 2880 1459 2936 minue

126 2979 357 3056 quinquaginta,
384 2980 416 3037 id
445 2981 554 3038 accidit
583 3001 650 3038 cum
677 2997 728 3038 eas
752 2981 789 3037 ob
811 2999 927 3050 causae,
957 2999 1033 3054 quae
1057 2981 1167 3056 ubique
1189 2981 1251 3038 scre
1274 2981 1459 3038 obtinentin

127 3081 290 3155 provinciis
307 3080 424 3157 imperii
440 3082 511 3138 olim
528 3082 666 3152 Romani,
690 3092 751 3139 tum
768 3092 890 3159 propter
904 3084 994 3139 hasce
1009 3082 1084 3140 duas
1104 3083 1280 3158 peculiares,
1324 3083 1459 3140 Primum

127 3183 205 3240 enim
229 3201 302 3240 casu
325 3183 502 3242 factumest
525 3203 584 3242 non
607 3185 681 3242 satis
704 3185 870 3256 commodo,
893 3183 972 3259 quod
995 3184 1132 3241 volumen
1155 3203 1252 3242 meum
1275 3184 1387 3259 prodiit
1409 3203 1460 3242 au·

126 3293 247 3359 tequam
271 3285 310 3342 ad
330 3285 418 3342 finem
435 3287 607 3361 perductum
624 3293 689 3344 erat
703 3285 829 3344 Brucii
852 3286 909 3342 mei
931 3281 1122 3362 ‘lapidarium
1146 3281 1402 3361 septentrionale',
1425 3286 1460 3343 de

126 3404 187 3461 quo
210 3386 283 3444 olim
306 3385 369 3444 dixi
391 3387 422 3444 in
444 3391 579 3465 corporis
596 3389 656 3447 vol.
673 3387 734 3446 VII
756 3407 784 3462 p.
803 3387 872 3460 106,
894 3407 989 3464 nuper
1012 3387 1129 3464 plenius
1151 3388 1182 3445 in
1200 3388 1391 3464 ephemeride
1413 3388 1461 3444 lit-

127 3487 238 3546 teraria
259 3487 381 3546 lenensi
404 3508 429 3546 a.
450 3490 528 3548 1875
550 3510 579 3566 p.
597 3489 657 3548 868
672 3507 712 3548 ss.
757 3490 791 3546 In
814 3508 850 3546 ca
865 3497 963 3548 autem
987 3489 1111 3566 sylloge,
1134 3497 1223 3566 atque
1245 3489 1276 3547 in
1298 3489 1461 3567 appendice

127 3590 191 3648 eius
230 3590 431 3665 potissimum,
474 3592 603 3668 scriptor
639 3611 700 3650 non
740 3609 836 3666 pauca
875 3591 960 3650 edere
1003 3591 1102 3667 potuit
1137 3599 1328 3650 monumenta
1365 3612 1382 3648 a
1415 3610 1461 3648 me

124 3692 258 3749 nondum
296 3692 372 3764 visa,
409 3711 486 3768 quae
523 3711 558 3751 eo
589 3693 684 3769 magis
720 3693 769 3749 hic
805 3693 908 3768 putavi
944 3710 1012 3751 esse
1049 3693 1172 3764 edenda,
1210 3711 1269 3768 quo
1305 3693 1461 3768 pauciores

126 3794 203 3850 libro
232 3793 286 3849 illo
314 3793 344 3850 in
368 3792 533 3853 Germania
558 3813 626 3852 raro
655 3794 697 3852 uti
722 3812 815 3870 posse
837 3794 983 3852 intellexi.
1028 3791 1113 3870 Siqui
1135 3813 1206 3851 vero
1230 3803 1330 3864 erunt,
1353 3793 1404 3868 qui
1426 3811 1461 3848 eo

126 3903 257 3965 utentur,
281 3913 383 3953 eornm
405 3896 609 3954 commoditati
631 3897 674 3952 ita
696 3897 867 3954 existimavi
884 3896 1096 3954 consulendum
1118 3913 1195 3966 esse,
1219 3904 1251 3953 ut
1269 3901 1461 3969 conspectum

127 4015 319 4055 numerorum
335 3997 398 4054 eius
415 4001 515 4074 operis
532 4007 770 4074 comparatorum
787 4017 852 4056 cum
868 3997 942 4056 meis
964 3998 1011 4056 bic
1033 4015 1231 4074 proponerem
1247 3996 1379 4073 plenum,
1403 3997 1462 4053 soi-

127 4099 196 4156 licet
212 4108 274 4156 tam
289 4099 444 4157 titulorum
461 4119 573 4172 eorum,
597 4118 674 4175 quos
697 4101 829 4158 nondum
846 4101 931 4158 attuli
947 4118 1043 4174 neque
1065 4100 1096 4157 in
1118 4100 1184 4175 ipso
1201 4117 1290 4176 opere
1313 4116 1410 4174 neque
1430 4098 1462 4155 in

129 4199 352 4272 additamentis
365 4219 454 4277 quam
469 4201 662 4276 reliquorum.
686 4199 805 4260 Deinde
817 4221 888 4260 vero
904 4202 979 4260 illud
995 4201 1109 4260 accedit
1123 4201 1166 4259 rei
1182 4201 1240 4276 ipsi
1253 4211 1341 4277 atque
1354 4199 1462 4258 doctri-

128 4321 185 4358 nae
201 4301 413 4378 epigraphicae
428 4303 630 4373 utilissimum,
653 4303 788 4380 syllogae
804 4324 874 4362 veru
891 4322 974 4363 meae
990 4303 1222 4375 incommodum,
1245 4302 1326 4377 quod
1341 4301 1410 4360 inde
1426 4302 1462 4358 ab

128 4404 196 4479 ipso
209 4421 288 4461 anno
300 4401 585 4462 MDCCCLXXIII
597 4406 741 4464 stationes
755 4406 869 4482 aliquot
881 4407 953 4464 valli
967 4405 1132 4464 Britannici
1145 4413 1268 4479 coeptae
1285 4412 1356 4462 sunt
1370 4402 1462 4460 multo

130 4507 243 4564 maiore
266 4523 356 4580 quam
379 4506 476 4563 adbuc
504 4507 615 4564 factum
638 4515 702 4566 erat
724 4527 796 4565 cura
819 4508 971 4584 explorari
1000 4517 1088 4584 atque
1111 4507 1201 4567 effodi
1223 4525 1277 4581 per
1298 4505 1461 4563 Iohannem

131 4605 348 4684 Glaytonem
371 4607 465 4666 civem
485 4609 697 4667 Aelianensem
722 4611 758 4668 de
780 4629 812 4668 re
835 4609 1029 4687 cpigraphica
1050 4610 1157 4668 vallari
1180 4612 1292 4684 optime
1314 4607 1461 4664 meritum.

130 4709 177 4766 Ita
190 4709 307 4768 Cilurni
321 4709 500 4768 Proeolitiae
514 4710 639 4768 aliarum
655 4712 816 4770 stationum
832 4711 910 4769 tituli
927 4713 997 4770 novi
1012 4712 1186 4787 prodierunt
1199 4729 1254 4788 per
1268 4711 1324 4767 hos
1340 4709 1463 4767 ultimos

131 4831 224 4870 annos
249 4830 308 4868 non
330 4811 417 4888 pauci
439 4813 645 4888 prodeuntque
667 4832 761 4890 paene
784 4813 937 4884 continue3
965 4831 1040 4888 quos
1070 4813 1171 4872 statim
1194 4831 1309 4870 mecum
1332 4829 1463 4869 commu-

132 4915 232 4972 nicare
255 4913 333 4972 solet
348 4913 449 4971 Brucii
465 4913 601 4972 officiosa
623 4915 767 4973 sollertia.
806 4913 952 4974 Similiter
973 4913 1041 4970 inde
1064 4914 1221 4972 abeodem
1243 4915 1305 4972 fere
1329 4922 1462 4989 tempore

131 5015 261 5073 Eboraci
285 5017 315 5072 in
331 5015 509 5074 effodiendis
525 5015 725 5074 fundamentis
742 5017 778 5074 ad
794 5035 902 5073 novam
919 5015 983 5072 viae
1005 5015 1120 5074 ferreae
1143 5016 1302 5073 stationem
1325 5025 1463 5073 extruen-

133 5117 199 5173 dam
223 5117 302 5174 tituli
319 5116 432 5192 aliquot
447 5119 478 5174 in
493 5118 590 5176 lucem
606 5119 747 5194 protracti
765 5127 835 5174 sunt
851 5117 1016 5194 argumenti
1034 5118 1143 5192 partim
1158 5117 1279 5174 minime
1295 5117 1373 5174 vilio.
1418 5117 1463 5173 Ea

132 5219 224 5294 igitur
246 5219 348 5276 omnia
370 5239 518 5277 unacum
541 5220 796 5277 emendationibus
819 5219 996 5294 quibusdam
1019 5219 1178 5276 lectionum
1195 5237 1326 5276 mearum
1348 5227 1462 5275 etcum

131 5320 387 5380 illustrationibus
410 5320 562 5378 titulorum
587 5323 623 5378 ab
647 5321 724 5392 aliis,
751 5321 842 5380 veluti
866 5339 884 5377 a
908 5318 1059 5379 Guilelmo
1080 5319 1289 5396 Thompson
1305 5319 1461 5387 Watkin,
