3596 6040
348 651 418 722 102
779 669 1082 720 Αυιιιιιιιιιιιίνιι
1108 668 1190 718 vor..
1210 669 1239 718 11

343 844 380 902 de
394 862 467 901 cura
480 843 618 902 fanorum
634 861 671 900 ex
687 842 877 901 decurionum
894 843 1032 900 consulto
1047 862 1066 899 a
1081 841 1304 918 magistratibus
1321 842 1479 918 quotannis
1495 845 1672 914 ordinanda,

342 946 460 1023 dequo
483 945 614 1004 diximus
636 964 665 1021 p.
686 943 742 1002 128
766 944 866 1020 ibique
889 944 1073 1002 ostendimus
1095 944 1210 1002 Romae
1232 963 1291 1002 non
1315 953 1348 1001 ut
1369 941 1486 1003 Ursone
1509 947 1672 1020 quotannis

340 1048 469 1124 singulis
498 1048 618 1124 tempIIs
645 1055 797 1106 curatores
826 1046 958 1105 delectos
980 1063 1063 1118 esse,
1093 1047 1145 1104 sed
1167 1065 1268 1104 curam
1291 1065 1357 1104 eam
1380 1046 1517 1123 collegiis
1539 1049 1673 1106 maxime

339 1151 370 1207 in
393 1159 570 1227 perpetuum
592 1148 778 1226 permissam.

230 1265 299 1315 Cura
425 1251 472 1310 De
498 1251 577 1309 ludis
603 1251 635 1308 in
661 1251 779 1309 colonia
800 1251 943 1309 faciendis
966 1270 1033 1308 curn
1055 1258 1143 1309 antea
1164 1252 1243 1310 nacti
1265 1269 1401 1310 essemus
1424 1251 1524 1327 capita
1546 1271 1582 1311 ea
1605 1253 1671 1328 qui-

202 1349 394 1412 lud0r¹¹¹11bus
416 1355 514 1429 agitur
535 1353 571 1411 de
592 1353 668 1412 locis
691 1360 904 1430 spectatorum,
927 1352 1041 1412 scilicet
1056 1350 1184 1412 CXXV.
1201 1351 1345 1412 CXXVI.
1361 1353 1526 1426 CXXVII,
1549 1356 1672 1431 quinam

337 1456 425 1514 ludos
443 1455 608 1514 edidissent
630 1463 751 1514 eatenus
773 1464 889 1513 tantum
911 1456 1086 1530 apparebat,
1107 1455 1186 1530 quod
1208 1475 1226 1513 a
1247 1459 1435 1516 curatoribus
1457 1459 1596 1516 fanornm
1617 1457 1672 1514 eir-

339 1575 444 1617 eenses
471 1558 568 1616 factos
595 1575 662 1616 esse
690 1577 728 1616 ex
750 1575 775 1615 c.
792 1555 962 1616 CXXVIII
991 1557 1310 1631 (8,19)⁹intellectum
1332 1569 1393 1630 est,
1421 1561 1491 1618 item
1515 1560 1671 1618 scaenicos

338 1660 426 1719 ludos
453 1680 472 1718 a
498 1659 722 1736 magistratibus
751 1659 888 1717 coloniae
914 1662 1077 1734 quotannis
1105 1667 1226 1717 curatos
1253 1677 1320 1719 esse
1348 1680 1373 1719 c.
1402 1660 1535 1720 CXXVI
1563 1660 1672 1719 confir·

337 1770 481 1833 manerat,
503 1781 570 1820 cum
591 1761 776 1820 coloniarum
792 1760 1078 1837 municipiorumque
1098 1763 1292 1840 magistratus
1306 1763 1385 1839 parit
1387 1782 1418 1820 er
1433 1782 1451 1820 a
1452 1772 1523 1840 tque
1538 1764 1671 1820 urbanos

337 1865 496 1940 quotannis
528 1863 617 1922 ludos
649 1865 749 1922 facere
781 1863 952 1938 oportuisse
984 1863 1014 1920 in
1048 1863 1220 1922 universum
1250 1872 1338 1922 antea
1364 1883 1484 1942 quoque
1518 1871 1672 1923 constaret

228 1958 296 2008 Ludi
338 1964 426 2040 (Cod.
451 1966 566 2024 Theod.
597 1967 643 2038 15,
667 1965 695 2038 4,
718 1965 758 2040 1).
802 1963 892 2024 Nunc
920 1983 1041 2022 veroc.
1068 1965 1146 2043 legis
1169 1965 1268 2024 LXX.
1291 1965 1397 2024 LXXI
1424 1967 1591 2038 edocemur,
1618 1967 1673 2042 qui

190 2040 321 2184 ld¹¹⁰lirg
337 2068 530 2144 magistratus
552 2086 628 2144 quos
650 2067 738 2126 ludos
760 2067 920 2142 quotannis
943 2067 1099 2126 ediderint.
1144 2065 1305 2127 Scilicetu
1308 2068 1455 2127 tRomae
1477 2087 1512 2127 eo
1535 2077 1672 2144 tempore

201 2137 326 2255 &153¹
337 2189 374 2228 ex
396 2171 530 2245 patriciis
553 2169 779 2248 magistratibus
800 2178 955 2246 praetores
978 2177 1008 2228 et
1029 2169 1141 2228 aediles
1164 2171 1281 2229 curules
1303 2170 1390 2230 ludos
1412 2170 1549 2242 edebant,
1575 2171 1618 2228 ita
1640 2171 1672 2227 in

335 2273 454 2331 colonia
481 2280 542 2330 tam
570 2272 705 2331 duoviris
733 2291 823 2348 quam
850 2271 996 2330 aedilibus
1022 2271 1100 2330 idem
1129 2290 1236 2330 munus
1266 2272 1429 2350 iniungitur
1462 2273 1670 2349 aequabiliter,

335 2375 448 2433 scilicet
470 2384 682 2450 quaternorum
704 2373 817 2432 dierum
841 2377 977 2450 utrisque
998 2373 1164 2450 iisdemque
1193 2375 1337 2450 impensis
1365 2375 1401 2432 de
1431 2393 1485 2434 suo
1512 2375 1670 2446 faciendis,

335 2495 403 2535 cum
424 2477 539 2536 Romae
560 2486 662 2536 notum
686 2477 726 2535 sit
747 2475 859 2534 aediles
886 2476 978 2533 multo
1006 2475 1072 2551 plus
1099 2476 1129 2532 in
1156 2476 1244 2534 ludos
1267 2477 1449 2554 impendisse
1471 2495 1560 2553 quam
1582 2496 1669 2553 prae·

333 2587 424 2637 tores.
469 2578 585 2653 Quibus
602 2579 706 2638 diebus
728 2577 791 2636 ludi
813 2577 941 2636 faciendi
965 2577 1025 2635 sint
1040 2597 1105 2636 cum
1128 2577 1194 2653 lege
1213 2597 1273 2636 non
1296 2579 1514 2650 determinetur,
1536 2579 1669 2638 fortasse

334 2679 391 2738 huc
413 2681 543 2756 pertinet
564 2681 644 2756 quod
670 2687 793 2739 cavetur
819 2698 844 2738 c.
866 2677 971 2736 LXIV
998 2679 1125 2757 singulis
1148 2681 1235 2740 annis
1262 2681 1341 2738 intra
1362 2680 1392 2738 X
1414 2680 1479 2739 dies
1501 2689 1667 2757 postquam

332 2782 489 2858 magistrat
493 2794 525 2841 n's
551 2783 673 2840 inierint
661 2781 891 2840 tdecurionum
918 2780 1036 2840 decreto
1065 2789 1125 2840 stat
1113 2781 1253 2842 utendum
1281 2799 1359 2853 esse,
1385 2781 1437 2858 qui
1458 2789 1487 2840 et
1506 2791 1579 2858 quot
1601 2783 1668 2841 dies

333 2884 404 2942 festi
381 2892 461 2942 teo
485 2903 563 2944 anno
585 2883 677 2942 futuri
700 2883 824 2942 sint.-
786 2881 959 2942 -Novum
982 2892 1080 2941 autem
1103 2891 1158 2954 est,
1185 2885 1215 2942 ni
1236 2883 1335 2957 fallor,
1358 2885 1440 2959 quod
1461 2885 1527 2960 lege
1543 2893 1669 2942 cavetur

333 2986 410 3045 diem
432 2986 572 3044 ludorum
594 2996 657 3044 turn
677 2986 795 3044 demum
816 2985 1030 3044 numerandum
1055 3003 1131 3058 esse,
1155 2986 1180 3044 si
1202 2986 1264 3044 ludi
1285 2986 1355 3044 facti
1377 2987 1438 3044 sint
1453 2986 1565 3044 maiore
1580 2995 1668 3064 parte

333 3089 397 3146 eius
421 3087 471 3164 (ef.
488 3088 702 3146 Friedlaender
724 3089 804 3164 apud
825 3088 1064 3162 Marquardtium
1087 3089 1116 3158 4,
1132 3088 1202 3146 489.
1222 3087 1305 3163 506).

416 3189 465 3247 Ex
488 3199 554 3248 octo
575 3189 636 3248 illis
658 3190 763 3248 diebus
786 3197 925 3266 quattuor
946 3189 1084 3248 ludorum
1100 3188 1298 3248 duoviralium
1321 3197 1351 3247 et
1372 3207 1411 3246 ex
1428 3181 1578 3248 ¹aediliciis
1603 3200 1666 3248 tres

331 3291 441 3349 dantur
462 3292 530 3350 Iovi
551 3291 656 3350 Iunoni
679 3293 843 3350 Minervae·
859 3291 923 3350 deis
952 3292 1123 3368 deabusque
1130 3313 1138 3364 ;
1166 3292 1198 3350 hi
1224 3292 1314 3368 igitur
1341 3290 1405 3348 ludi
1427 3290 1581 3350 imitantur
1603 3291 1664 3349 Ro-

330 3409 446 3464 manos,
469 3412 649 3470 quamquam
667 3394 698 3452 in
717 3395 764 3453 his
780 3393 838 3452 tria
852 3393 975 3452 numina
991 3391 1162 3469 Capitolina
1178 3393 1244 3452 sola
1258 3399 1527 3452 commemorantur
1542 3391 1665 3468 (Cicero

331 3493 418 3552 Verr.
436 3494 463 3566 5,
482 3496 529 3566 14,
547 3495 600 3570 36)
621 3515 676 3554 nec
692 3497 772 3571 quod
794 3496 888 3554 sciam
910 3496 1021 3554 mentio
1036 3495 1070 3552 fit
1090 3495 1213 3554 deorum
1233 3495 1414 3570 dearumque
1433 3495 1464 3552 in
1478 3495 1568 3553 huius
1587 3495 1664 3570 legis

331 3613 355 3652 c.
372 3595 461 3653 LXX
478 3595 694 3656 adiunctorum.
713 3631 750 3640 —
768 3595 902 3670 Quartus
919 3597 983 3654 dies
1003 3597 1160 3657 aedilicius
1176 3596 1343 3656 destinatus
1358 3597 1470 3655 Veneri
1487 3595 1528 3672 (p.
1546 3595 1593 3668 12,
1607 3595 1662 3672 23)

329 3697 463 3756 imitatur
483 3699 571 3757 ludos
593 3699 748 3758 institutos
770 3719 797 3756 a.
814 3699 874 3758 708
897 3697 1013 3757 devicto
1035 3697 1091 3757 Cn.
1106 3699 1262 3773 Pompeio,
1285 3698 1381 3757 dictos
1404 3697 1493 3756 modo
1509 3696 1663 3756 Victoriae

330 3795 470 3858 Caesaris
493 3800 555 3858 divi
576 3802 646 3872 Iuli,
668 3801 757 3859 modo
779 3800 908 3860 Veneris
930 3799 972 3875 (v.
995 3798 1029 3860 C.
1050 3800 1074 3856 I.
1097 3798 1134 3857 L.
1152 3799 1211 3857 vol.
1231 3802 1244 3856 1
1268 3821 1297 3877 p.
1315 3800 1398 3876 397).
1444 3797 1531 3858 Unde
1554 3801 1662 3858 condir-

329 3910 427 3958 matur
449 3901 628 3973 coniectura,
655 3921 744 3978 quam
770 3902 842 3960 olim
864 3921 978 3961 mecum
1007 3901 1237 3960 communicavit
1259 3899 1331 3960 Otto
1353 3900 1535 3974 Hirschfeld,
1562 3903 1661 3979 ipsam

328 4002 478 4062 coloniam
494 4001 672 4062 Genetivam
695 4023 713 4062 a
735 4005 855 4062 numine
877 4004 974 4082 gentis
991 4003 1087 4062 Iuliae
1109 4004 1229 4062 tutelari
1245 4002 1363 4064 Venere
1383 4003 1534 4082 genetrice
1552 4022 1660 4064 nomen

329 4104 469 4163 traxisse.

183 4215 318 4278 impensae
412 4205 490 4265 Ludi
508 4207 586 4266 sicut
600 4207 630 4264 in
646 4209 717 4266 urbe
733 4208 876 4284 impensis
893 4208 1020 4284 publicis
1035 4208 1120 4280 fiunt,
1143 4208 1193 4266 ubi
1208 4208 1433 4286 magistratibus
1449 4209 1480 4266 in
1494 4207 1583 4266 ludos
1598 4206 1659 4265 Ro-

193 4299 313 4348 ludorum
329 4325 434 4366 manos
457 4309 495 4366 ad
515 4308 626 4366 bellum
646 4328 739 4384 usque
754 4311 900 4369 Punicum
920 4310 1080 4386 quotannis
1100 4331 1139 4369 ex
1153 4311 1268 4370 aerario
1286 4311 1505 4388 praebebantur
1524 4303 1658 4367 iis-cc

192 4408 311 4472 publicae
329 4409 413 4466 milia
433 4429 586 4468 nummum
611 4411 752 4488 (Dionys.
775 4413 804 4483 7,
821 4413 873 4484 71;
897 4411 1185 4472 Pseudo-Asconius
1207 4432 1236 4488 p.
1255 4412 1312 4471 142
1336 4410 1457 4486 Orell.),
1477 4413 1521 4469 ita
1541 4410 1659 4468 colonia

326 4529 445 4587 quoque
468 4511 601 4570 duoviris
624 4514 751 4591 singulis
773 4515 843 4573 bina
865 4515 957 4586 milia,
988 4514 1135 4574 aedilibus
1164 4515 1290 4591 singulis
1313 4513 1537 4590 singulamilia
1559 4531 1657 4569 annua

325 4613 478 4688 expondit,
500 4623 534 4672 ut
554 4615 585 4672 in
608 4633 725 4674 summa
739 4617 858 4692 publice
874 4635 948 4676 sena
963 4617 1046 4675 milia
1061 4617 1222 4693 quotannis
1238 4616 1268 4674 in
1283 4617 1371 4674 ludos
1387 4621 1558 4690 erogentur.
1597 4611 1656 4671 Sed

191 4722 307 4785 privatae
327 4731 394 4772 curn
416 4716 531 4775 Rornae
554 4719 770 4776 consuetudine
799 4719 988 4790 obtinuisset,
1015 4725 1047 4776 ut
1074 4717 1268 4796 magistratus
1291 4717 1342 4794 qui
1368 4716 1453 4774 ludos
1477 4715 1598 4775 ederent
1620 4713 1655 4770 de

325 4833 379 4874 suo
402 4817 469 4892 plus
497 4819 594 4877 minus
623 4821 661 4878 ad
688 4840 754 4879 eam
783 4839 931 4878 summam
953 4820 1104 4891 adderent,
1130 4819 1181 4877 lex
1207 4819 1282 4878 haec
1303 4819 1498 4895 magistratus
1521 4816 1654 4875 coloniae

326 4917 462 4994 singulos
488 4939 548 4978 non
574 4921 672 4980 minus
699 4922 770 4980 bina
795 4921 878 4980 milia
899 4921 936 4978 de
964 4939 1018 4980 sua
1042 4923 1169 4998 pecunia
1194 4922 1224 4978 in
1253 4921 1341 4979 ludos
1367 4919 1539 4995 impendere
1565 4917 1653 4987 iubet,

324 5037 379 5076 nec
407 5021 532 5080 dubium
559 5031 606 5082 est
634 5023 760 5082 similem
789 5023 885 5100 legem
908 5023 997 5082 etiam
1019 5024 1050 5081 in
1072 5023 1195 5099 reliquis
1217 5023 1344 5082 coloniis
1368 5021 1598 5097 municipiisque
1618 5018 1653 5076 de

323 5119 401 5178 ludis
423 5123 651 5200 magistratuum
667 5125 842 5198 obtinuisse,
866 5127 1108 5202 sacerdotesque,
1131 5143 1335 5202 quoscumque
1349 5142 1404 5200 pro
1418 5115 1549 5180 introitu
1565 5121 1652 5178 ludos

324 5221 411 5280 edere
434 5233 594 5300 oporteret,
619 5225 708 5284 simul
731 5236 840 5285 certam
863 5244 1010 5286 summam
1032 5228 1063 5286 in
1085 5245 1138 5286 eos
1160 5227 1249 5286 ludos
1272 5225 1440 5302 impendere
1460 5223 1561 5280 iussos
1577 5239 1650 5280 esse.

322 5322 410 5382 Unde
432 5326 491 5384 iarn
514 5326 624 5385 certius
647 5327 823 5404 pleniusque
839 5346 927 5404 quam
951 5335 1039 5388 antea
1061 5329 1275 5407 intelleguntur
1296 5327 1375 5386 tituli
1398 5326 1581 5402 frequentes,
1602 5321 1650 5398 qui
