3620 6050
411 632 572 686 smnoan
598 630 885 684 ruscnrrrrouvu
913 631 997 683 noar
1022 630 1179 684 nonant.
1385 613 1459 683 257

129 807 144 864 1
191 805 221 865 A
243 806 334 866 Portu
355 807 388 866 S.
411 806 491 866 Petri
512 809 553 864 ad
573 806 604 866 S.
628 806 751 866 Luciam
770 810 801 865 in
825 805 941 883 Orpbca
963 805 1077 882 (orthea
1098 805 1181 882 cod.)

365 908 511 985 (sinistra)
1090 907 1217 984 (deutra)

125 1013 146 1071 5
162 1015 263 1088 sorum
287 1011 409 1070 lbuioni
431 1023 458 1070 ct
478 1013 611 1070 columna
633 1015 692 1070 aias
843 1011 876 1071 S.
900 1009 998 1086 Sergii
1018 1012 1068 1070 ubi
1088 1009 1249 1070 umbilicum
1270 1012 1376 1071 Romae

125 1115 144 1174 6
172 1114 284 1173 Tiberis
530 1132 615 1174 arcus
839 1113 941 1172 Secari

123 1217 142 1273 7
168 1215 201 1275 S.
222 1215 376 1274 Hadriani
835 1215 965 1274 cavallus
991 1213 1172 1274 Constantini

124 1319 144 1378 8
168 1317 200 1377 S.
224 1319 341 1395 Oyrc'ccc'
513 1320 615 1394 sorum
834 1335 981 1376 romanum

365 1439 390 1477 a.
414 1439 443 1496 q.
466 1437 490 1480 s.

122 1524 175 1582 ubi
198 1533 323 1600 apparet
344 1521 431 1598 (mihi
453 1531 532 1581 carte
548 1543 607 1582 non
630 1522 750 1582 dubium
767 1521 826 1599 est)
843 1523 974 1581 Tiberim
998 1541 1017 1580 a
1039 1522 1161 1581 sinistra
1181 1522 1212 1580 in
1235 1521 1372 1582 dextram
1386 1543 1453 1600 par-

122 1635 183 1684 tem
206 1624 403 1684 traiciendum
426 1642 503 1697 esse,
525 1626 643 1702 reliqna
657 1644 733 1701 quae
753 1635 823 1702 post
845 1644 871 1684 v.
889 1626 906 1683 8
930 1635 1071 1684 secuntur
1092 1625 1195 1684 multis
1217 1626 1453 1686 dubitationibus

123 1727 257 1787 obnoxia
279 1737 357 1785 sunt.
401 1729 453 1786 sed
476 1737 634 1803 utcumque
657 1727 693 1784 de
721 1727 768 1786 his
795 1729 883 1787 rebus
906 1729 1095 1800 iudicabitur,
1116 1727 1225 1785 iterum
1246 1728 1382 1788 videmus
1405 1748 1452 1788 ca·

121 1830 238 1887 vallum
266 1827 458 1888 Constantini
484 1830 545 1888 iere
572 1831 602 1887 in
630 1849 729 1888 aream
761 1829 820 1888 lori
847 1839 915 1888 ante
943 1828 975 1910 S.
1002 1829 1189 1890 Hadrianum
1216 1829 1333 1890 detrudi
1361 1844 1390 1890 et
1415 1835 1453 1892 ab

119 1951 192 1990 areu
215 1929 319 1991 Severi
345 1933 500 1990 removeri.
544 1941 597 1990 ant
621 1931 713 2008 igitur
739 1950 834 2008 aquus
862 1933 893 1990 in
921 1933 1020 1991 media
1041 1952 1112 1990 area
1133 1934 1191 1991 lori
1212 1943 1266 1992 aut
1287 1935 1354 1993 viae
1376 1954 1453 2012 quae

119 2035 217 2093 tendit
238 2053 257 2091 a
278 2034 389 2111 templo
411 2033 576 2092 Faustinae
595 2035 633 2092 ad
653 2053 755 2093 arcum
774 2033 876 2094 Severi
899 2035 1024 2112 margini
1047 2037 1272 2111 septentrionali
1294 2039 1451 2115 appositus

4 2123 13 2158 ⁹
120 2137 352 2213 lueritoportet.
390 2136 466 2194 illud
480 2137 505 2195 si
520 2155 622 2194 verum
638 2145 693 2208 est,
714 2137 848 2214 seqnitur
863 2146 896 2196 ut
909 2138 962 2196 illa
976 2139 1069 2209 basis,
1089 2156 1178 2214 quam
1198 2140 1315 2199 solam
1335 2142 1366 2199 in
1382 2161 1453 2200 area
1482 2169 1488 2178 ·

122 2247 152 2296 et
172 2257 252 2296 nunc
274 2247 378 2295 extare
400 2247 429 2296 et
452 2239 558 2296 ultima
578 2239 696 2315 imperii
724 2241 840 2297 romani
866 2247 960 2298 aetate
985 2241 1123 2300 extitisse
1150 2259 1243 2318 snpra
1265 2243 1338 2315 dixi,
1360 2262 1451 2320 qnae·

123 2361 177 2418 que
204 2348 328 2418 putatur
357 2359 423 2400 esse
447 2341 614 2399 Domitiani
641 2349 758 2400 statuae
786 2342 950 2417 equestris,
978 2343 1018 2400 sit
1043 2344 1125 2403 basis
1154 2345 1222 2422 equi
1244 2342 1450 2420 Constantini;

125 2445 167 2503 sin
190 2444 318 2501 alterum
340 2443 415 2502 illud
438 2445 588 2515 statueris,
610 2445 663 2502 vix
680 2443 830 2502 dubitabis
853 2444 924 2520 quin
945 2445 1029 2504 basis
1046 2443 1237 2505 Constantini
1259 2449 1348 2506 etiam
1370 2434 1450 2508 nunc

120 2547 173 2606 sub
195 2556 278 2605 terra
297 2546 397 2603 lateat.
441 2547 525 2623 atqui
547 2546 619 2604 alibi
634 2547 735 2604 monui
757 2555 805 2604 sat
825 2547 933 2604 mirum
953 2548 1048 2606 videri
1070 2549 1151 2624 quod
1165 2548 1331 2609 Domitiani
1353 2569 1449 2629 equus

117 2649 283 2726 praeclaris
307 2645 396 2708 Statii
419 2648 599 2706 carminibus
622 2649 703 2724 (silv.
722 2650 749 2719 l,
768 2649 799 2725 1)
821 2650 909 2724 qnasi
930 2657 999 2708 ante
1020 2651 1125 2710 oculos
1147 2651 1309 2730 legentium
1330 2653 1449 2728 positus

116 2761 186 2828 post
218 2759 324 2828 poetae
357 2759 481 2808 aetatem
515 2769 534 2808 a
566 2751 684 2808 nemine
717 2751 779 2808 ullo
813 2753 959 2829 scriptore
991 2763 1253 2827 commemoratum
1289 2755 1379 2831 idque
1411 2775 1448 2814 eo

116 2859 215 2933 magis
243 2853 351 2912 mirum
376 2853 489 2912 dixeris
518 2853 599 2929 quod
626 2862 728 2931 utpote
758 2854 788 2910 in
814 2854 912 2912 medio
943 2853 1010 2914 foro
1037 2857 1124 2931 quasi
1150 2857 1225 2916 alter
1258 2857 1323 2916 eins
1352 2857 1446 2916 umbi·

114 2959 194 3016 licus
216 2955 391 3015 conlocatus
408 2974 467 3013 non
489 2957 587 3032 potuit
601 2975 659 3014 nou
683 2955 815 3014 omnium
831 2957 935 3015 oculos
958 2958 1134 3035 animosque
1156 2960 1188 3017 in
1210 2976 1243 3018 se
1265 2967 1446 3020 convertere.

115 3051 303 3137 qnid'igitur
325 3059 352 3116 si
373 3065 589 3133 postmortem
617 3057 680 3116 eins
707 3067 828 3117 senatus
850 3078 911 3117 non
939 3061 1035 3119 solnm
1055 3061 1086 3119 in
1108 3062 1191 3120 curia
1211 3062 1358 3140 imagines
1382 3063 1446 3122 eius

114 3161 318 3221 detrahendas
340 3161 465 3232 censuit,
487 3179 589 3219 verum
613 3161 702 3218 etiam
718 3168 887 3236 equestrem
903 3162 969 3221 eius
993 3171 1122 3222 statuam
1138 3163 1341 3223 deiciendam?
1364 3183 1446 3224 acce·

115 3265 160 3322 dit
180 3263 261 3340 qnod
284 3264 314 3320 in
337 3263 515 3340 anaglyphis
537 3264 645 3338 quibus
669 3263 794 3322 Traiani
819 3264 1009 3341 imperatoris
1037 3268 1112 3325 bene
1137 3267 1218 3325 facta
1246 3267 1444 3340 celebrantur,

113 3369 144 3426 in
166 3366 266 3426 media
292 3365 350 3424 lori
372 3384 443 3424 area
464 3365 546 3424 basis
568 3366 674 3444 ingens
701 3367 732 3424 in
754 3385 848 3442 eaque
875 3367 981 3426 sedens
1009 3369 1180 3445 imperator,
1209 3370 1333 3428 adstans
1356 3370 1445 3428 Italia

113 3479 200 3546 grata
221 3477 405 3544 comparent.
449 3468 616 3543 significavi
638 3468 708 3526 alibi
736 3469 980 3544 (labresbericht
1004 3471 1083 3529 1875
1104 3491 1134 3548 p.
1151 3471 1210 3530 758
1224 3472 1285 3548 sq.)
1307 3473 1381 3531 mihi
1403 3473 1445 3532 vi·

114 3571 175 3630 deri
198 3572 257 3629 hoc
279 3570 405 3627 artificio
427 3570 552 3629 indicari
575 3579 675 3628 votnm
698 3591 734 3628 eo
761 3581 894 3649 tempore
916 3582 1139 3631 monumentum
1166 3573 1289 3648 aliquod
1310 3575 1391 3651 qnod
1413 3575 1444 3633 in
1511 3603 1516 3610 ·

112 3674 211 3733 medio
239 3673 306 3730 foro
329 3672 437 3730 Italiac
460 3673 669 3750 gratitudinem
694 3674 910 3733 testificaretur.
955 3675 1016 3733 scio
1039 3675 1115 3733 hanc
1137 3677 1338 3735 coniecturam
1361 3679 1443 3736 testi·

113 3775 281 3834 moniorum
304 3774 362 3832 fide
383 3774 554 3833 destitutam
570 3793 653 3833 esse:
676 3775 770 3833 nihilo
792 3784 891 3834 tamen
914 3777 1006 3835 setius
1026 3776 1058 3834 in
1080 3797 1116 3834 ea
1136 3778 1300 3854 imaginum
1322 3779 1442 3839 illarum

112 3878 303 3937 accuratione
326 3895 415 3955 aegre
437 3878 583 3952 equestris
607 3885 723 3936 statuae
745 3877 776 3933 in
792 3878 889 3935 medio
911 3879 977 3935 loro
1000 3879 1118 3954 positae
1140 3880 1300 3958 vestigium
1322 3882 1440 3941 deside-

111 3981 237 4038 raveris.
281 3979 355 4038 satis
378 3979 474 4036 habeo
502 3979 689 4056 significasse
712 3987 741 4037 et
768 3978 875 4038 debere
897 3988 926 4037 et
948 3997 1036 4056 posse
1059 3981 1163 4057 quaeri
1185 3999 1305 4040 causam
1329 3984 1440 4043 silentii

111 4101 170 4158 qno
194 4081 359 4140 Domitiani
387 4098 482 4157 equus
508 4081 577 4138 inde
604 4101 622 4139 a
644 4079 732 4140 Statii
760 4089 856 4140 aetate
883 4099 1005 4158 pressus
1033 4082 1064 4140 in
1093 4083 1202 4142 litteris
1225 4085 1357 4162 antiquis
1380 4105 1440 4145 non

111 4184 286 4260 comparuit.

193 4288 238 4344 At
258 4287 354 4363 ipsius
378 4291 494 4344 statuae
515 4286 593 4344 tituli
614 4287 813 4364 fragmentum
831 4287 911 4346 haud
932 4288 1038 4364 procul
1060 4287 1097 4346 ab
1119 4287 1179 4347 ista
1200 4289 1267 4348 basi
1289 4297 1438 4366 repertum

111 4407 176 4448 esse
199 4407 296 4465 nuper
318 4387 477 4447 Henzenus
500 4389 600 4446 Rosae
622 4389 749 4466 aliisque
771 4391 920 4465 persuasit
942 4390 982 4465 (v.
999 4411 1026 4448 n.
1047 4390 1129 4468 166).
1174 4392 1380 4467 quaestionem
1402 4395 1439 4453 de

111 4491 279 4568 supplendo
301 4491 469 4568 fragmento
492 4509 551 4550 non
572 4491 679 4549 iterum
701 4493 918 4552 retractandam
940 4512 1054 4552 sumam
1077 4493 1119 4569 (v.
1136 4512 1213 4569 qnae
1235 4495 1299 4552 dixi
1314 4494 1438 4554 ‹labres-

110 4594 223 4652 bericht
254 4593 348 4662 1875,
379 4593 439 4650 770
451 4592 542 4668 sqq).
586 4601 617 4650 at
644 4593 736 4652 miror
765 4595 844 4671 quod
873 4596 1001 4655 editores
1031 4593 1101 4654 CIL
1133 4596 1164 4653 in
1194 4597 1348 4655 Addendis
1377 4617 1437 4656 non

109 4695 275 4754 Domitiani
303 4694 356 4753 sed
379 4695 509 4772 Augusti
535 4714 644 4753 nomen
668 4696 885 4756 restituendum
914 4699 971 4756 rati
994 4717 1099 4774 parum
1121 4708 1327 4774 exaequarunt
1347 4701 1436 4758 trium

108 4798 325 4856 versiculorum
352 4797 484 4874 priorum
513 4797 612 4874 spatia
641 4799 739 4874 spatio
762 4799 867 4870 ultimi,
897 4802 933 4858 de
959 4818 1018 4877 qno
1045 4801 1212 4878 supplendo
1234 4801 1363 4860 dubitari
1385 4823 1436 4861 ne-

108 4900 179 4975 quit.
224 4917 315 4974 quam
342 4918 404 4956 rem
427 4897 599 4973 Homerus,
629 4919 695 4958 cum
717 4900 846 4975 primum
868 4922 904 4960 ea
930 4903 966 4960 de
988 4923 1020 4961 re
1046 4903 1117 4980 egit,
1145 4904 1238 4980 probe
1260 4905 1436 4964 aestimave-

105 5010 159 5060 rat.
202 5003 308 5078 itaque
330 5001 403 5060 satis
425 5000 520 5060 habeo
541 5001 744 5078 inscriptionis
765 5003 964 5079 fragmentum
989 5024 1055 5064 cum
1079 5007 1287 5086 supplemento
1310 5017 1434 5086 utroque

106 5103 227 5164 lectoris
250 5103 346 5164 oculis
367 5104 474 5162 iterum
497 5103 639 5164 subicere.
