3596 6040
575 616 760 668 rassermis
789 615 1076 666 nunninuomls.
1414 594 1484 666 163

156 786 306 864 oblongae
322 787 429 846 solitae
444 806 510 846 cum
527 807 602 847 ansa
617 789 746 846 rotunda
760 789 939 865 circulisque
955 795 1061 847 ornata
1079 789 1118 846 ad
1135 805 1221 846 rosae
1237 787 1367 860 modum,
1389 806 1484 864 neque

158 884 296 960 ve'ro,·ut
318 890 445 962 videtur,
467 889 619 967 perforata
641 891 692 966 (lo
710 892 807 964 sorno
827 891 858 948 di
879 891 1036 966 rettoopolo
1052 893 1199 948 temninato
1222 893 1253 946 to
1274 908 1313 946 un
1335 891 1413 948 disco
1435 907 1485 947 con

155 999 262 1048 rocetta
286 1012 305 1050 a
328 992 398 1050 linae
419 992 636 1068 concentriche);
662 993 754 1068 longa
775 1001 822 1050 est
843 1011 882 1051 m.
899 993 927 1050 0.
945 992 972 1064 5,
996 992 1057 1050 alta
1079 992 1153 1063 0.1,
1176 1009 1280 1050 crassa
1301 992 1330 1049 0.
1346 992 1395 1050 05.
1438 991 1485 1048 Iu·

154 1093 269 1169 scripta
290 1103 345 1166 est,
368 1101 400 1152 ut
422 1115 450 1153 n.
468 1093 496 1166 2,
524 1094 680 1153 aduobus
704 1103 817 1152 tantum
840 1094 998 1165 lateribus3
1025 1094 1120 1151 latera
1146 1094 1263 1170 reliqua
1291 1093 1351 1150 duo
1380 1102 1485 1151 ornata

153 1202 223 1250 sunt
252 1195 380 1254 alterum
407 1197 536 1255 caduceo
563 1215 655 1272 supra
682 1196 849 1268 tridentem,
878 1197 1004 1253 alterum
1035 1215 1145 1254 corona
1166 1214 1259 1270 supra
1280 1196 1424 1272 palmam3
1452 1204 1485 1251 ut

152 1295 199 1352 hic
222 1297 363 1356 similiter
383 1308 471 1374 atque
491 1299 522 1356 in
545 1297 609 1356 md
632 1298 787 1357 tridentem
804 1298 842 1356 ad
858 1298 1008 1357 retiarium
1025 1297 1135 1356 referre
1151 1316 1276 1374 pronum
1294 1298 1341 1356 sit.
1385 1297 1485 1354 Verba

151 1406 251 1455 autem
276 1399 355 1457 tituli
377 1399 451 1459 haec
474 1407 553 1459 sunt.

234 1603 265 1660 4.
640 1620 731 1662 crum
747 1633 753 1648 ·
770 1619 883 1664 encom
900 1635 906 1649 ·
924 1621 965 1662 r·
982 1620 996 1663 s

693 1721 939 1765 srecrnvrr

231 1907 321 1966 Infra
342 1908 373 1967 in
394 1910 460 1968 basi
482 1919 615 1970 tesserae
638 1911 808 1987 scariphata
830 1918 877 1970 est
897 1911 998 1968 littera
1019 1911 1181 1986 singularis

806 2131 820 2174 S

226 2319 268 2377 Id
291 2329 336 2378 est
358 2319 506 2395 Gentibus)
529 2321 638 2379 Paconi
658 2319 742 2396 T(iti)
765 2319 893 2395 s(eruus)
916 2322 1063 2394 spectavit.
1108 2319 1189 2394 Quid
1212 2335 1226 2377 s
1249 2319 1303 2378 illa
1325 2327 1411 2378 extra
1432 2340 1478 2378 or-

144 2419 243 2478 dinem
270 2421 349 2478 tituli
372 2421 474 2480 addita
501 2422 647 2498 significet
671 2440 757 2480 nemo
779 2421 869 2479 facile
891 2421 1083 2492 divinaverit3
1111 2421 1170 2478 diei
1192 2430 1273 2492 nota,
1295 2422 1381 2479 utin
1404 2439 1425 2478 Ν
1441 2439 1479 2480 ·s

142 2531 279 2581 tesserae
297 2523 441 2596 Protemi,
465 2542 524 2582 non
547 2523 664 2582 videtur
685 2523 886 2599 intellegenda
907 2540 983 2580 esse.
1027 2523 1075 2580 De
1096 2521 1263 2581 litterarum
1284 2523 1383 2580 forma
1403 2524 1480 2582 nihil

143 2625 321 2696 adnotatum
351 2626 470 2683 servilis
499 2625 683 2684 condicionis
711 2625 863 2696 indicati0,
889 2624 961 2682 item
985 2623 1070 2682 Genti
1097 2625 1298 2683 nominativus
1325 2644 1385 2684 non
1411 2645 1478 2702 per-

143 2727 276 2804 scriptus
299 2727 336 2783 ad
359 2727 473 2786 liberae
494 2727 537 2784 rei
559 2728 697 2802 publicae
720 2745 805 2785 usum
829 2735 975 2803 spectant.
1013 2725 1139 2785 Gentius
1163 2727 1269 2784 servile
1290 2745 1397 2784 nomen
1420 2728 1477 2784 ori-

142 2828 220 2903 ginis
245 2827 387 2904 Illyricae
415 2838 517 2886 notum
540 2836 587 2887 est
612 2829 717 2887 amicis
743 2847 847 2886 musae
869 2828 1052 2899 Lucilianae,
1076 2829 1208 2886 Paeonia
1237 2846 1310 2904 gens
1333 2848 1371 2886 ex
1394 2826 1477 2888 Cice-

142 2931 225 2988 ronis
251 2930 418 2990 Miloniana
444 2940 535 3008 atque
557 2949 595 2989 ex
622 2931 717 2989 titulis
739 2949 798 2989 non
825 2929 926 3002 nullis,
949 2948 1075 3006 quorum
1098 2949 1188 2988 unum
1211 2937 1360 2989 vetustum
1377 2929 1477 2992 Setiae

142 3039 295 3108 repertum
319 3030 368 3108 (O.
385 3034 410 3090 1.
425 3032 461 3092 L.
484 3033 610 3108 11159)
633 3033 787 3092 nominare
808 3031 944 3090 sufficiat.

224 3133 276 3192 De
298 3143 430 3192 tesserae
446 3135 677 3210 Tarquiniensis
692 3142 839 3194 vetustate
854 3151 941 3192 nemo
964 3133 1125 3205 dubitabit;
1148 3133 1348 3206 Arelatensis,
1370 3134 1401 3191 in
1416 3154 1476 3211 qua

142 3246 255 3311 spectat
268 3237 447 3294 vocabulum
470 3237 540 3295 item
556 3237 673 3294 videtur
694 3237 893 3313 perscriptum
909 3254 985 3306 esse,
1009 3235 1047 3292 ad
1062 3244 1212 3310 quattuor,
1235 3253 1309 3312 quas
1332 3235 1380 3294 hic
1396 3255 1474 3294 com-

141 3341 241 3412 posui,
269 3338 392 3397 accedit.
438 3336 518 3410 Quid
545 3347 699 3416 spectasse
726 3338 774 3396 vel
801 3348 936 3415 spectare
958 3337 1017 3396 dici
1043 3338 1174 3414 potuerit
1197 3354 1304 3396 servus
1326 3338 1475 3414 gladiator

142 3439 256 3515 aliquis
279 3449 360 3498 certo
375 3441 505 3515 quodam
528 3440 576 3499 die
598 3441 669 3498 anni
686 3441 757 3498 certi
780 3440 877 3498 adhuc
892 3457 948 3498 nos
963 3439 1037 3497 latet
1043 3458 1051 3509 ;
1074 3439 1105 3496 in
1121 3439 1245 3498 tesseris
1262 3458 1333 3498 vero
1348 3439 1474 3516 reliquis

140 3543 293 3614 omnibus,
320 3541 349 3598 in
373 3543 481 3618 quibus
504 3561 538 3618 sp
561 3542 608 3602 vel
630 3561 680 3618 spe
701 3551 753 3602 aut
774 3551 850 3618 spect
871 3541 991 3618 legitur,
1017 3540 1092 3599 nihil
1115 3541 1197 3599 aliud
1218 3540 1344 3600 indicari
1367 3544 1473 3619 proba-

140 3641 200 3701 bile
223 3651 281 3702 est.

223 3746 261 3803 In
284 3751 412 3805 mentem
435 3746 517 3804 venit
532 3747 717 3804 Mommseno
741 3745 888 3821 (mihique
904 3745 1000 3804 visum
1024 3753 1069 3802 est
1090 3743 1213 3820 prohari
1234 3743 1337 3821 posse)
1360 3745 1474 3820 gladia-

140 3855 220 3906 tores
242 3848 318 3906 rude
340 3849 467 3907 donatos
489 3849 618 3908 fortasse
640 3848 799 3906 transiisse
819 3865 858 3905 ex
881 3865 972 3906 arena
993 3847 1023 3904 in
1046 3864 1167 3903 caveam
1192 3845 1405 3922 spectandique
1425 3846 1472 3904 ius

140 3947 265 4025 adeptos
287 3967 354 4008 esse
376 3950 428 4022 ibi,
452 3951 502 4009 ubi
524 3961 612 4009 antea
634 3949 851 4026 spectabantur.
895 3949 969 4006 Eius
992 3947 1065 4005 iuris
1087 3947 1202 4005 initium
1219 3947 1380 4004 memoriae
1394 3947 1472 4005 tradi

139 4051 236 4124 potuit
258 4050 350 4108 veluti
373 4053 499 4110 honesta
520 4053 625 4112 missio
648 4053 793 4129 quaedam
816 4052 847 4109 in
873 4049 998 4110 tesseris
1024 4049 1220 4126 gladiatoriis.
1264 4048 1385 4106 Horatii
1407 4068 1471 4107 ver·

140 4167 192 4210 sus
216 4169 290 4210 sane
313 4170 372 4212 non
395 4153 495 4213 obstat
516 4154 585 4214 huic
607 4153 749 4231 opinioni.

1177 4254 1258 4320 Asu.
1282 4252 1427 4312 Honora.
