3632 6040
564 643 616 692 AD
644 643 819 696 CORPORIS
846 645 929 700 VOL.
952 647 991 696 11.

117 811 162 870 44
184 811 253 889 (ins.
278 819 346 887 post
368 832 397 870 n.
415 813 519 890 3633).
564 815 678 874 Ibidem
702 816 747 891 (iu
772 814 919 894 Sciatiuc)
942 819 972 876 iu
994 819 1025 876 la
1047 821 1186 880 motoria.

603 999 618 1039 l.
642 1013 648 1027 ·
671 998 757 1042 CORN
782 1015 789 1030 ·
818 1001 948 1044 GERMAN

693 1103 922 1146 evomi-uvir

765 1205 798 1246 ss
836 1135 935 1361 Γ

764 1308 819 1350 aaa

112 1369 206 1428 Filon.
230 1369 251 1427 f.
270 1369 319 1426 90.

151 1471 303 1530 Versuum
326 1473 436 1531 divisio
458 1475 571 1533 incerta
592 1483 647 1533 est.
691 1493 754 1534 nvo
776 1485 823 1534 est
845 1475 1025 1553 Aequetclie.

114 1706 156 1764 45
178 1707 248 1783 (ins,
273 1718 353 1786 post.
376 1729 405 1768 n.
423 1708 528 1785 3668).
573 1711 609 1768 In
628 1710 732 1770 Insula
747 1711 858 1770 Euicae
880 1713 911 1770 in
934 1720 1000 1770 orto
1015 1711 1125 1772 Demia
1147 1715 1184 1772 de
1200 1713 1339 1775 Castillia
1360 1717 1442 1792 (sic).

665 1896 686 1936 D
770 1908 777 1924 ·
864 1896 890 1935 Μ

572 1995 656 2040 cok
693 2011 699 2025 ·
732 1997 980 2040 VERNACLAE

574 2098 979 2142 le·ANN·XVllll·M·Vlll

114 2245 203 2306 Filon.
225 2248 247 2306 f.
267 2243 317 2306 96
339 2267 386 2306 vv.
410 2268 471 2307 non
494 2249 610 2307 divisis.

116 2457 156 2514 46
176 2458 296 2517 rossem
315 2457 363 2540 pn
386 2459 442 2516 ins.
467 2425 605 2534 aureae).

606 2644 626 2684 D
656 2658 662 2670 ·
692 2643 717 2684 Μ

519 2747 562 2786 Μ·
581 2745 665 2788 PVBLI
678 2759 684 2772 ·
698 2745 851 2787 PVBLlLlVS
864 2761 870 2774 ·
884 2747 1031 2790 PLACIDVS

570 2850 614 2890 N·
629 2847 668 2889 V·
685 2849 724 2890 ΧΠ

117 2995 207 3056 Filon.
229 2999 249 3058 f.
269 2994 317 3056 96
340 3019 388 3057 vv.
411 3016 472 3056 non
494 2989 554 3057 divss

153 3100 280 3160 Videtur
301 3100 410 3158 luisse:
433 3101 473 3159 D.
496 3101 538 3158 M.
563 3100 605 3158 M.
629 3100 774 3160 Publilius
796 3101 939 3160 Placidus
960 3121 1026 3160 coo.
1049 3105 1101 3160 cii.

116 3309 157 3368 47
178 3311 295 3370 Ibidem
319 3310 364 3386 (in
386 3312 444 3369 ins,
468 3309 594 3386 Euicac)
618 3311 648 3368 in
670 3320 735 3370 orto
757 3313 881 3370 Antonii
903 3311 1073 3370 Raimundi.

595 3479 644 3550 L·
672 3493 757 3537 r1r10
786 3507 792 3522 ·
820 3495 963 3538 moruvo

593 3597 714 3640 nunno
737 3598 849 3639 wsse-
870 3599 964 3641 nourr

116 3737 209 3800 Filon.
230 3739 253 3798 f.
272 3733 320 3796 96
343 3756 389 3796 vv.
411 3756 471 3796 non
493 3737 610 3796 divisis.

154 3841 170 3898 2
193 3842 323 3900 traditur
344 3840 441 3914 [5th
455 3871 461 3884 ·
474 3857 576 3898 nsum.

118 4075 163 4135 Ad
184 4099 212 4136 u.
230 4075 336 4136 3833.
359 4075 466 4137 3834.
493 4077 562 4146 ¹Ex
589 4077 697 4136 iterata
725 4083 879 4134 auctorum
901 4076 989 4134 huius
1011 4076 1091 4134 tituli
1113 4077 1307 4151 vetustiorum
1334 4095 1444 4154 conpa-

154 4180 269 4239 ratione
292 4179 523 4256 Oldenbergius‚
551 4197 617 4237 cum
647 4178 779 4237 codicem
806 4177 1053 4236 Filenardianum
1077 4187 1239 4252 excuteret,
1262 4180 1443 4238 observasse

156 4283 211 4340 sibi
234 4284 319 4340 visus
347 4291 394 4341 est
421 4301 511 4340 unum
546 4282 666 4340 omniuo
693 4281 788 4339 fuisse
814 4281 932 4339 titulum
957 4279 1076 4340 Claudii
1103 4283 1146 4340 ita
1172 4281 1234 4340 fere
1256 4291 1443 4359 conceptum,

155 4393 186 4441 ut
208 4385 275 4443 dedi
298 4385 353 4443 sub
376 4405 404 4443 n.
422 4385 513 4444 3834.
557 4383 625 4442 Hoc
647 4403 701 4460 per
723 4401 756 4442 se
778 4383 897 4458 quidem
919 4383 1075 4460 probabile
1097 4393 1143 4442 est
1169 4402 1264 4460 neque
1288 4403 1334 4442 me
1356 4384 1443 4461 fugit,

157 4505 222 4544 cum
245 4487 365 4546 titulum
388 4485 518 4558 ederem;
550 4486 603 4545 sed
631 4487 751 4544 obstare
774 4486 858 4544 visae
886 4495 955 4544 sunt
980 4494 1044 4545 tum
1067 4495 1155 4564 atque
1178 4485 1266 4544 etiam
1289 4485 1378 4544 hodie
1401 4487 1444 4542 vi·

159 4587 264 4646 dentur
284 4589 343 4647 loci
365 4590 574 4660 indicationes,
598 4589 762 4648 secundum
778 4607 853 4665 quas
876 4589 973 4647 altera
988 4588 1125 4647 columna
1149 4589 1206 4647 fuit
1228 4607 1320 4665 supra
1341 4587 1445 4665 oppidi

157 4701 272 4764 portem
294 4690 497 4762 Valentinum,
525 4691 620 4749 altera
647 4691 678 4749 in
706 4710 774 4749 arce
801 4691 888 4750 iuxta
916 4691 1019 4749 turrim
1042 4711 1199 4750 armorum.
1245 4693 1344 4766 Atque
1367 4690 1443 4748 duas

157 4800 258 4851 extare
284 4795 420 4870 potuisse
448 4793 578 4852 eiusdem
607 4794 797 4869 imperatoris
825 4795 914 4852 bases
942 4812 1002 4851 non
1028 4811 1154 4870 prorsus
1183 4792 1379 4868 aequabiliter
1399 4792 1443 4849 in-

159 4895 285 4970 scriptas
308 4915 395 4954 nemo
418 4895 506 4954 facile
528 4896 658 4976 negabit.
703 4894 762 4955 Sed
784 4895 943 4952 debueram
958 4895 1133 4972 Peutingeri
1153 4895 1357 4953 testimonium
1374 4913 1445 4953 con·

157 4996 278 5072 iungere
300 5018 365 5057 curu
390 4996 497 5058 Sanuti
522 4995 637 5058 Siederi
659 4997 773 5075 Apiani
799 4997 1050 5073 reliquorumque,
1078 4998 1129 5072 qui
1152 4998 1278 5073 Antiqui
1306 4997 1444 5073 syllogen

158 5098 297 5158 exhibent
317 5100 384 5178 plus
406 5100 506 5158 minus
528 5100 647 5177 plenam
670 5100 837 5175 quibusque
860 5098 974 5158 aceedit
995 5117 1076 5156 nunc
1102 5097 1167 5156 cod.
1195 5097 1443 5169 Filonardianus3

159 5200 262 5260 deinde
277 5203 367 5260 etiam
389 5202 504 5277 reliqua
526 5202 699 5261 testimonia
720 5201 848 5260 fortasse
863 5200 912 5259 hio
933 5200 997 5258 illic
1020 5201 1107 5258 aliter
1120 5201 1328 5260 distribuenda
1349 5211 1442 5259 erant.

159 5297 297 5362 Ceterum
319 5305 349 5362 io
372 5325 399 5362 n.
418 5304 500 5364 3834
522 5322 578 5380 pro
601 5317 661 5364 cos
676 5311 716 5376 πῖ
737 5303 868 5363 fortasse
891 5301 1106 5362 emendandum
1130 5318 1207 5362 cos·
1223 5320 1238 5361 r
1253 5334 1259 5348 ·
1273 5320 1297 5360 r.

1219 5407 1238 5463 4
