3620 6050
526 589 602 638 unx
628 589 795 638 narsum
821 588 1072 641 vrrasonnsrs.
1386 575 1455 644 189

131 763 224 821 loniae
247 762 439 840 municipiive
461 783 516 822 nec
543 763 603 822 nisi
625 765 721 822 abusu
748 763 786 820 ad
808 762 955 822 eiusmodi
977 765 1161 823 territorium
1181 765 1317 825 refertur.
1361 767 1458 845 Magis

130 865 303 924 crediderim
326 866 374 924 bis
396 865 528 944 praediis
544 865 699 944 proprium
722 882 789 924 csse
813 866 907 925 saltus
922 867 1111 926 vocabulum.
1155 865 1215 928 Sed
1229 870 1459 929 universahaec

129 969 262 1044 quaestio
288 977 322 1027 ut
348 969 408 1026 late
434 976 518 1045 patet
545 977 574 1026 et
602 969 692 1044 digna
720 977 767 1026 est
793 968 897 1026 subtili
918 968 1124 1046 indagatione,
1147 969 1190 1029 ita
1209 970 1266 1030 hoc
1288 971 1354 1030 loco
1376 973 1458 1031 nullo

129 1071 215 1129 modo
238 1071 357 1130 absolvi
378 1078 487 1147 potest,
510 1071 681 1147 sufficitque
704 1091 770 1129 eam
793 1072 998 1147 proposuisse.

208 1175 315 1250 ltaque
336 1182 471 1233 tenemus
492 1173 589 1252 legem
608 1174 729 1232 metallo
745 1173 925 1250 Vipascensi
947 1174 1056 1232 dictam
1079 1174 1116 1232 ab
1138 1174 1320 1251 imperatore
1342 1177 1459 1236 eodem·

128 1294 183 1350 que
205 1277 338 1348 domiuo,
366 1293 425 1352 qua
451 1277 519 1352 lege
540 1283 602 1335 tam
623 1294 672 1335 res
695 1276 865 1335 metallaria
886 1295 975 1352 quam
1002 1277 1035 1334 in
1056 1277 1229 1336 universum
1251 1278 1396 1356 quidquid
1422 1281 1461 1338 ad

127 1379 279 1454 regionem
306 1378 501 1437 ordinandam
526 1379 694 1454 pertinebat
721 1379 860 1436 similiter
888 1378 1091 1450 ordinabatur,
1118 1387 1151 1436 ut
1175 1399 1225 1439 res
1255 1381 1392 1458 publicae
1415 1400 1460 1440 or·

128 1480 268 1540 dinantur
288 1481 405 1557 legibus
428 1481 612 1540 coloniarum
635 1481 933 1558 municipiorumque.

209 1583 261 1640 Ad
283 1603 312 1658 p.
332 1584 399 1642 173.
444 1581 584 1660 Cupitum
606 1583 817 1658 inscriptiones
840 1583 865 1642 si
888 1583 960 1660 quid
975 1583 1061 1641 video
1085 1585 1213 1661 scriptae
1236 1593 1307 1644 sunt
1327 1587 1461 1646 nomina-

128 1686 202 1756 tivo;
232 1705 303 1743 nam
332 1687 393 1743 ludi
418 1689 552 1761 uaptsut
573 1705 598 1743 c.
622 1685 699 1744 VIII
726 1693 755 1743 et
781 1689 980 1761 usurpationes
1002 1697 1153 1762 puteorum
1181 1687 1242 1746 sive
1260 1691 1461 1764 pittaciuriuur

128 1806 151 1844 o.
174 1787 223 1845 IX
252 1789 342 1846 aliam
370 1788 601 1865 explicationem
629 1807 689 1845 non
716 1788 873 1863 recipiunt.
918 1788 966 1846 nd
994 1789 1093 1864 capita
1121 1799 1234 1866 septem
1261 1792 1360 1865 prima
1379 1791 1462 1867 quod

128 1890 241 1964 attinet,
265 1891 468 1949 nominativus
491 1911 510 1948 a
530 1909 590 1964 quo
612 1891 741 1967 genetivi
766 1891 798 1948 bi
820 1900 962 1966 reguntur
988 1892 1078 1966 periit
1100 1911 1166 1950 cum
1192 1893 1340 1969 principio
1370 1893 1460 1969 legis;

127 2001 225 2069 potest
257 1994 361 2063 fuisse,
394 2002 426 2051 ut
458 1993 584 2051 coniecit
605 1992 798 2064 Huebnerus,
827 1992 945 2067 (locutio
979 1993 1139 2070 conductio)
1168 1997 1333 2054 centesimae
1360 2014 1461 2071 arpen-

128 2098 218 2154 turtae
233 2097 429 2172 stipulationis
452 2103 481 2153 et
503 2095 548 2154 sio
570 2095 721 2171 deinceps.
767 2092 846 2154 Sane
861 2114 938 2171 quae
957 2096 1096 2174 leguntur
1111 2115 1136 2156 c.
1151 2097 1183 2154 ΙΙ
1198 2101 1359 2174 scripturae
1373 2116 1461 2174 proe-

129 2201 200 2256 cour‘r'
222 2206 254 2256 et
277 2217 301 2256 o.
318 2197 381 2256 Vll
403 2203 563 2274 scripturus
577 2201 793 2256 scaururiorura
809 2208 833 2256 et
850 2201 1041 2271 tectoriorum,
1063 2207 1190 2276 possunt
1203 2200 1307 2258 haberi
1321 2200 1392 2258 item
1407 2218 1462 2277 pro

128 2302 321 2360 nominativis
337 2300 479 2379 pluralis3
496 2301 550 2359 sed
565 2301 622 2358 boo
635 2301 736 2378 posito
752 2301 804 2359 vix
820 2309 919 2379 aptam
936 2301 1113 2361 sententiam
1129 2303 1331 2378 expediemus.
1361 2301 1461 2380 Scrip-

127 2411 191 2463 tura
212 2411 318 2464 autem
341 2405 562 2464 scaurariorum
584 2411 613 2460 et
633 2403 825 2462 sestariorum
845 2405 918 2461 mihi
940 2412 986 2462 est
1006 2403 1154 2480 professio
1178 2423 1205 2463 v.
1221 2404 1261 2463 49
1283 2423 1462 2464 commemo·

128 2515 201 2579 rata,
225 2527 319 2584 quam
340 2507 372 2564 in
395 2507 537 2584 scriptum
559 2507 710 2565 redactam
733 2523 799 2564 esse
822 2515 1055 2565 consentaneum
1078 2514 1131 2565 est.
1181 2505 1336 2584 Scriptura
1362 2515 1461 2564 autem

128 2611 282 2687 praeconii
305 2609 379 2685 quid
401 2609 549 2687 significet
570 2609 686 2680 nescio;
714 2628 781 2667 narn
810 2609 971 2667 secundum
995 2628 1040 2680 ea,
1066 2628 1142 2686 quae
1164 2609 1194 2666 in
1217 2611 1286 2686 ipsa
1306 2610 1373 2689 lege
1395 2629 1461 2685 per-

130 2716 240 2790 scripta
265 2721 344 2785 sunt,
368 2712 406 2770 ad
420 2712 614 2789 praeconium
635 2731 697 2770 non
719 2711 953 2770 admittebantur
967 2712 1018 2788 qui
1033 2711 1144 2770 vellent
1158 2712 1349 2790 professione
1371 2713 1461 2784 facta,

130 2817 179 2877 sed
200 2816 363 2875 Iocabatur
384 2824 416 2872 ut
437 2814 618 2873 tonstrinum
640 2814 815 2891 etreliqua.
860 2812 962 2887 Quare
984 2813 1145 2874 videndum
1167 2824 1223 2886 est,
1247 2835 1284 2874 ne
1305 2815 1462 2892 intellega-

128 2929 175 2979 tur
196 2921 351 2995 scriptura
372 2925 403 2976 et
423 2917 632 2994 praeconium;
655 2935 751 2992 neque
773 2917 852 2976 enim
867 2917 995 2975 absurde
1011 2924 1175 2977 statuemus
1190 2936 1369 2996 praeconem
1391 2918 1464 2976 item

128 3022 157 3080 in
177 3023 299 3082 litteras
321 3021 472 3080 rettulisse
494 3039 569 3096 quae
591 3019 804 3096 perscribenda
826 3021 949 3079 suntin
971 3021 1108 3080 auctione
1130 3020 1276 3079 facienda.

1167 3141 1226 3201 Ta.
1250 3141 1420 3201 Monusna.

621 3899 977 3960 ADDITAMENTVM.

214 4090 368 4152 Officiosa
390 4087 558 4150 Soromenii
579 4088 757 4146 liberalitate
778 4088 887 4146 factum
910 4078 965 4157 est,
993 4098 1026 4145 ut
1047 4085 1116 4145 huic
1138 4087 1283 4146 volumini
1304 4105 1464 4165 possemus

132 4197 251 4254 adicere
274 4193 393 4252 tabulas
416 4193 491 4252 duas
515 4201 578 4250 arte
600 4210 690 4268 quarn
713 4191 816 4251 dicunt
837 4191 1034 4268 heliographa
1053 4188 1210 4268 Olisipone
1233 4190 1391 4266 adipsum
1413 4209 1465 4249 aes

133 4316 221 4374 quam
250 4295 476 4356 accuratissime
503 4311 680 4371 expressam
714 4295 907 4369 designantur
937 4293 1037 4352 antica
1062 4299 1092 4350 et
1117 4293 1233 4368 postica
1259 4293 1337 4352 aeris
1364 4300 1466 4370 partes

132 4399 241 4458 litteris
265 4397 296 4456 A
318 4403 348 4456 et
369 4397 408 4457 B.
