3596 6040
352 578 421 647 158
922 591 1104 642 naumann

345 770 376 828 in
398 787 459 844 quc
480 767 613 828 rationes
629 767 806 827 decernendi
828 775 1017 843 exponuntur
1039 763 1214 842 praemissis
1237 764 1337 822 verbis
1356 765 1452 838 primo
1467 770 1588 820 censente
1607 762 1665 831 illo,

346 872 416 930 item
432 869 626 946 Aquileiense
641 870 699 928 vol.
717 868 745 926 V
765 889 792 928 n.
810 868 880 940 96],
902 869 950 927 cui
971 868 1002 925 in
1023 867 1082 926 fine
1104 866 1288 943 adscriptum
1311 873 1358 922 est
1375 863 1517 939 prim(as)
1540 862 1665 938 eeas(uit)

345 973 406 1031 ille.
451 970 569 1031 Similia
591 981 690 1030 tamen
711 972 785 1029 haec
800 971 896 1049 magis
919 979 988 1027 sunt
1003 989 1092 1046 quam
1115 969 1208 1046 peria,
1232 967 1407 1042 videturque
1425 965 1507 1041 quod
1532 983 1585 1040 pro
1607 981 1665 1022 sen·
1739 999 1743 1007 ·

345 1075 439 1134 tentia
460 1073 538 1132 dixit
558 1074 584 1132 is
607 1073 656 1150 qui
679 1073 792 1150 primus
822 1073 937 1131 censuit
961 1073 993 1130 in
1014 1073 1072 1128 boc
1098 1069 1235 1129 consulto
1258 1069 1441 1127 enuntiatum
1463 1084 1531 1126 esse
1552 1087 1605 1144 per
1625 1084 1667 1124 ac·

345 1176 513 1235 cusativum
548 1194 615 1234 cum
651 1175 798 1233 infinitivo
835 1174 1010 1250 pendentem
1043 1192 1061 1230 a
1093 1171 1209 1230 dicendi
1241 1158 1402 1242 vocabu103
1440 1188 1507 1228 nam
1541 1176 1666 1226 extrema

345 1299 373 1338 v.
393 1280 505 1354 liseq.
529 1279 574 1337 sic
598 1278 660 1336 iere
686 1289 812 1355 apparet
838 1277 967 1334 formata
992 1275 1087 1333 fuisse
1110 1293 1139 1333 se
1166 1278 1196 1332 ia
1219 1273 1355 1332 relatione
1376 1291 1431 1330 aaa
1448 1274 1548 1347 priore
1569 1272 1668 1330 dixisse

345 1380 504 1457 Kyzieeaes
531 1399 564 1439 aa
585 1380 660 1437 Asia
686 1389 719 1438 at
746 1397 933 1453 eorumquae
961 1396 1027 1436 acca
1054 1376 1207 1453 appellaret
1234 1393 1338 1450 corpas
1367 1376 1537 1433 auctoritate
1558 1373 1668 1448 amplis·

345 1486 411 1540 simi
436 1483 546 1540 ordiaia
573 1481 748 1557 confirmetur
773 1485 834 1538 iare
860 1483 1005 1556 requirere
1032 1479 1088 1536 sibi
1112 1479 1211 1536 sideri.
1257 1479 1299 1534 At
1324 1477 1413 1552 plane
1439 1493 1551 1534 novum
1578 1474 1669 1532 estin

345 1583 491 1641 eiusmodi
513 1583 650 1654 decretis,
672 1583 751 1659 quod
773 1600 832 1658 quo
853 1583 921 1640 loco
945 1591 1066 1639 senatus
1088 1581 1165 1638 inter
1187 1580 1251 1638 eius
1275 1579 1333 1637 diei
1354 1595 1403 1636 res
1425 1585 1507 1636 aetas
1527 1578 1603 1634 hanc
1623 1594 1667 1652 pe·

345 1685 479 1744 titionem
508 1685 675 1761 expedierit
703 1685 874 1742 enuntiatur
903 1685 1033 1758 itemque
1062 1683 1189 1741 adicitur
1218 1690 1356 1756 quartum
1388 1681 1487 1738 locum
1517 1679 1545 1736 ei
1575 1679 1668 1736 datum

345 1794 413 1846 esse
440 1785 620 1846 concedente
647 1788 836 1864 imperatore.
880 1786 928 1844 Ita
949 1785 1068 1844 tandem
1101 1785 1263 1860 aliquando
1290 1783 1455 1840 illustratur
1477 1782 1559 1857 quod
1581 1781 1670 1838 adhuc

344 1890 433 1964 plane
454 1890 613 1947 obscurum
635 1888 693 1946 fuit
714 1889 761 1946 ius
784 1888 899 1958 tertiae,
926 1895 1058 1962 quartae,
1086 1885 1208 1961 quintae
1229 1885 1384 1942 relationis
1406 1883 1582 1960 imperatori
1609 1899 1668 1956 per·

344 1993 478 2060 missum,
504 1991 621 2065 dequo
643 1991 707 2047 iure
726 2007 804 2065 quae
826 1989 905 2066 apud
928 1997 1064 2047 auctores
1087 1989 1276 2063 reperiuntur
1298 1986 1452 2063 composui
1474 1986 1505 2042 in
1526 1985 1601 2042 iuris
1622 2002 1670 2059 pu·

343 2093 415 2150 blici
438 2090 531 2149 voli
555 2110 583 2167 p.
601 2092 671 2150 887.
721 2091 760 2149 Idt
786 2093 842 2149 boc
869 2092 989 2167 quidem
1020 2089 1094 2149 satis
1121 2089 1163 2148 ibi
1193 2090 1266 2147 mibi
1294 2089 1397 2146 videor
1422 2085 1671 2146 demonstravisse

343 2195 391 2252 ius
419 2193 573 2251 relationis
600 2213 660 2252 non
686 2192 869 2270 pertinuisse
897 2191 934 2249 ad
961 2193 1169 2268 imperatorem
1196 2190 1429 2268 praesidentem,
1462 2190 1516 2248 sed
1544 2206 1580 2248 eo
1606 2187 1669 2244 dato

344 2277 537 2354 constitutum
553 2313 629 2364 esse,
652 2295 725 2371 quid
739 2295 822 2355 fieret
844 2296 871 2353 si
886 2295 994 2354 absens
1017 2295 1083 2371 ipse
1098 2295 1134 2352 de
1150 2294 1261 2370 scripto
1283 2292 1459 2350 relationem
1479 2291 1517 2350 ad
1540 2296 1670 2349 senatum

342 2397 466 2456 faceret:
490 2398 607 2456 scilicet
628 2397 657 2454 id
680 2416 746 2455 cum
769 2396 821 2455 alii
843 2396 1031 2472 magistratui
1054 2396 1127 2454 nulli
1149 2396 1252 2454 liceret
1274 2395 1333 2470 ipsi
1355 2394 1397 2452 ita
1419 2393 1598 2469 permissum
1619 2398 1670 2461 est,

344 2511 376 2558 ut
402 2501 441 2558 ad
467 2508 578 2558 certum
607 2517 762 2558 numerum
789 2499 934 2558 eiusmodi
960 2498 1121 2556 relationes
1148 2499 1175 2555 ei
1198 2497 1439 2556 concederentur.
1483 2494 1553 2552 Hoc
1579 2504 1670 2553 tamen

342 2601 535 2677 ignorabatur
556 2602 626 2660 item
650 2601 796 2660 adiectum
823 2618 889 2660 esse
911 2601 947 2658 de
969 2601 1007 2660 iis
1029 2601 1225 2660 relationibus
1248 2601 1286 2658 ad
1308 2618 1374 2658 eum
1401 2616 1497 2675 usque
1518 2614 1669 2657 numerum

344 2711 377 2760 ut
399 2712 467 2762 ante
490 2705 621 2779 reliquas
645 2720 747 2761 omnes
771 2711 894 2761 senatus
918 2702 1101 2775 decernerem
1126 2721 1186 2779 qua
1207 2702 1244 2760 de
1264 2721 1298 2759 re
1320 2710 1390 2778 post
1410 2701 1568 2760 inventum
1590 2718 1669 2758 sena-

343 2813 392 2863 tus
415 2806 585 2864 consultum
608 2804 789 2880 Cyzicenum
812 2805 870 2862 iam
894 2805 969 2884 satis
992 2812 1119 2863 constat.

428 2904 548 2985 Septem
571 2915 662 2966 testes
685 2908 736 2982 qui
758 2907 948 2964 nominantur
971 2914 1040 2965 sunt
1060 2907 1100 2964 hi.

430 3011 456 3066 1.
499 3009 544 3068 M.
569 3009 670 3068 Aeliae
696 3012 762 3085 imp.
790 3009 846 3066 Titi
868 3009 935 3067 Aeli
961 3008 1123 3083 [Hadriani
1149 3007 1301 3084 Aeyoriat
1320 3010 1347 3083 s.
1371 3008 1445 3084 Pap.
1467 3006 1605 3068 Aureliae
1624 3008 1669 3068 Ve-

343 3111 430 3186 [rae]‚
453 3111 568 3170 scilicet
589 3111 709 3169 Marcus
732 3109 846 3169 Caesar
867 3123 950 3188 patre
973 3112 1042 3169 vivo
1068 3111 1145 3168 inter
1166 3129 1193 3168 a.
1220 3108 1278 3168 138
1305 3119 1334 3168 et
1358 3109 1426 3168 161.
1470 3109 1670 3170 Patrocinium

344 3212 494 3290 quoddam
527 3211 742 3289 Cyzicenorum
775 3213 853 3289 apud
886 3232 953 3270 eum
986 3213 1166 3289 domumque
1198 3213 1262 3270 eius
1295 3212 1389 3271 fuisse
1421 3231 1481 3270 non
1514 3214 1581 3270 sine
1613 3216 1671 3272 veri

343 3315 442 3390 specie
465 3315 637 3388 conicietur,
660 3334 726 3372 cum
749 3323 902 3390 praeterea
924 3315 1061 3373 laudetur
1076 3315 1208 3373 eiusdem
1225 3315 1318 3372 Marci
1335 3315 1465 3392 Augusti
1486 3315 1559 3373 facti
1580 3317 1669 3375 aratio

343 3414 493 3492 Cyzicena
515 3415 644 3490 (Fronto
667 3417 705 3474 ad
720 3419 832 3475 Antan.
856 3437 901 3494 ep.
928 3415 988 3488 1,a
1012 3435 1040 3491 p.
1058 3415 1096 3475 99
1119 3415 1213 3491 Nab.)
1236 3426 1265 3474 et
1286 3426 1405 3491 praeter
1426 3418 1525 3494 ipsum
1542 3419 1668 3477 Marcum

342 3518 487 3592 patruelis
507 3527 586 3576 certe
602 3519 666 3576 eius
683 3519 799 3577 Annius
815 3517 904 3590 Libo,
923 3519 1052 3577 fortasse
1068 3519 1157 3576 etiam
1171 3519 1290 3576 Annius
1306 3517 1406 3578 Verus
1421 3518 1521 3576 nescio
1537 3521 1589 3596 qui
1603 3521 1668 3580 item

343 3619 445 3678 Marco
478 3620 623 3695 sanguine
650 3621 825 3678 coniunctus
858 3623 935 3678 inter
966 3629 1056 3678 testes
1090 3628 1212 3678 senatus
1239 3621 1369 3678 consulti
1395 3631 1669 3680 recenseantur.-

342 3720 487 3780 Notanda
513 3730 559 3780 est
585 3723 693 3792 tribue,
722 3741 799 3797 quae
827 3731 859 3780 ut
885 3723 917 3780 in
944 3723 1087 3781 senatorii
1115 3723 1229 3780 ordinis
1257 3722 1329 3782 viris
1352 3724 1382 3781 in
1409 3723 1583 3783 universum
1604 3741 1667 3782 raro

342 3825 525 3894 enuntiatur,
551 3825 595 3882 ita
621 3842 768 3900 nusquam
790 3833 947 3900 praeterea
967 3826 1048 3900 quod
1071 3829 1163 3883 sciam
1185 3825 1358 3900 imperatori
1380 3825 1524 3884 domusve
1546 3828 1669 3904 impera·

343 3926 437 3984 toriae
457 3926 575 3984 cuidam
598 3927 783 3997 attribuitur3
810 3927 859 3984 hia
885 3935 983 3985 autern
1009 3927 1106 3986 omitti
1128 3946 1188 3985 non
1210 3928 1315 4002 potuit,
1342 3946 1409 3985 cum
1431 3927 1463 3984 in
1485 3929 1669 3987 senatoribus

342 4027 394 4103 qui
420 4028 577 4086 scribendo
606 4029 748 4087 adessent
776 4029 931 4086 sollemnis
958 4037 1048 4087 esset.
1091 4027 1203 4088 Tribus
1229 4048 1266 4086 ea
1292 4047 1358 4088 cum
1380 4028 1501 4104 Papiria
1529 4031 1579 4102 sit,
1604 4031 1669 4090 iude

341 4129 459 4187 videtur
479 4138 559 4187 reate
581 4130 684 4207 colligi
711 4130 854 4188 familiam
876 4130 1109 4206 imperatoriam,
1136 4149 1175 4189 ex
1204 4149 1264 4207 qua
1285 4131 1406 4189 Marcus
1428 4131 1494 4203 init,
1517 4133 1669 4191 oriundam

343 4247 408 4289 esse
430 4249 467 4288 ex
489 4231 650 4306 municipio
673 4231 774 4307 aliquo
797 4233 824 4289 ei
847 4232 936 4290 tribui
959 4231 1124 4308 adscript03
1146 4233 1234 4308 idque
1250 4253 1319 4291 vere
1340 4232 1382 4290 ita
1404 4250 1437 4291 se
1459 4234 1557 4292 habet.
1594 4233 1669 4293 Nam

342 4332 483 4409 princeps
513 4333 576 4390 eius
601 4333 733 4392 familiae
759 4332 860 4391 Nerva
885 4334 944 4391 fuit
965 4334 1040 4393 civis
1061 4333 1241 4392 Narniensis
1268 4333 1388 4408 (Victor
1409 4335 1480 4411 epit.
1505 4335 1575 4411 12);
1597 4335 1668 4394 Nar·

342 4434 461 4494 nienses
484 4443 584 4492 autem
606 4435 636 4492 in
657 4435 781 4512 Papiria
803 4435 882 4494 tribu
904 4435 998 4494 fuisse
1019 4435 1145 4494 efficitur
1167 4455 1206 4495 ex
1227 4437 1314 4494 titulo
1336 4435 1473 4494 Henzeni
1494 4457 1522 4495 n.
1540 4437 1620 4496 5129
1642 4444 1668 4495 et

341 4535 485 4594 laterculo
501 4537 626 4594 militurn
649 4537 830 4596 urbanorum
852 4557 946 4614 nuper
966 4547 1085 4613 reperto
1101 4538 1160 4595 vol.
1177 4537 1222 4594 Vl
1244 4555 1273 4594 n.
1290 4537 1381 4598 3884.
1399 4569 1436 4580 -—
1453 4537 1571 4596 Deinde
1592 4548 1668 4598 recte

341 4639 401 4697 buc
421 4638 582 4696 referemus
604 4657 681 4713 quae
702 4640 886 4717 biographus
909 4639 1003 4698 Marci
1026 4659 1051 4698 c.
1070 4641 1108 4697 10
1130 4652 1245 4698 narrat:
1269 4658 1457 4714 campartem
1474 4645 1571 4715 potuit
1589 4645 1668 4699 iater-

335 4742 398 4814 suit
418 4745 538 4812 senatui,
561 4745 670 4800 etiamsi
695 4741 769 4798 aiiii
795 4753 867 4799 esset
886 4743 1070 4816 referendam,
1094 4745 1120 4798 ai
1141 4743 1249 4799 Romae
1262 4743 1332 4816 scit,
1359 4745 1385 4799 ai
1405 4760 1471 4800 aero
1494 4744 1609 4818 aliquid
1627 4760 1668 4800 re·

336 4843 420 4915 serre
441 4842 538 4912 noluit,
561 4846 644 4900 eiiam
667 4845 701 4901 de
724 4843 885 4919 Campania
904 4847 966 4918 ipae
984 4847 1059 4901 eeoit
1073 4886 1080 4900 .
1095 4886 1101 4901 .
1115 4885 1122 4901 .
1138 4862 1225 4920 acque
1246 4861 1380 4918 amquam
1396 4845 1559 4903 recensitae
1581 4847 1667 4913 caria,

342 4946 400 5001 nisi
426 4944 525 5002 caesai
546 4945 681 5003 diaicset:
701 4942 784 5004 ‘aiiii
809 4963 859 5003 cos
881 4963 1034 5015 moramur,
1059 4955 1160 5021 patres
1188 4940 1362 5020 conscripti,
1391 4946 1446 5004 etsi
1473 4946 1547 5004 baec
1575 4945 1667 5022 magis

343 5045 380 5102 de
410 5044 545 5122 principe
578 5064 667 5122 quam
700 5048 736 5105 de
763 5045 894 5106 Caesare
925 5047 1037 5124 scripta
1066 5065 1133 5108 esse
1162 5047 1310 5106 videntur.
1354 5046 1475 5105 Erravit
1503 5067 1550 5106 me
1574 5047 1667 5105 iudice

342 5144 498 5217 Perrotus,
521 5166 588 5204 cum
610 5148 667 5206 sibi
687 5150 838 5225 persuasit
859 5150 934 5207 haec
956 5150 1047 5208 animi
1069 5149 1167 5208 civilis
1190 5149 1366 5207 documenta
1385 5168 1444 5206 non
1467 5149 1601 5226 potuisse
1622 5147 1668 5205 edi

343 5247 486 5306 eMarco
509 5249 566 5307 nisi
590 5250 619 5306 in
642 5249 710 5326 ipsa
732 5251 935 5308 adulescentia
961 5261 991 5310 et
1016 5259 1175 5330 propterea
1200 5251 1366 5310 consultum
1394 5251 1484 5308 refert
1512 5251 1549 5308 ad
1575 5264 1665 5308 anuos
