3632 6040
514 585 564 634 na
591 584 718 636 nnsrrs
746 585 1078 640 sxoaauornmsvs.
1413 572 1459 642 75

130 769 191 830 rat,
219 759 385 836 auguribus
413 775 481 818 esse
509 759 735 833 adscribendas,
767 781 854 820 nemu
882 761 990 838 opinor
1019 761 1076 820 sibi
1105 761 1306 838 persuadebit.
1356 763 1463 822 Altera

130 881 253 938 quoque
286 861 452 920 similitudo
484 865 560 938 qdae
587 863 743 921 intercedit
769 863 846 922 inter
873 863 1099 922 Henzenianuur
1126 864 1323 940 fragmentum
1352 863 1462 924 Grute-

131 967 309 1041 rianamque
331 964 462 1024 tabulam
479 997 516 1008 ·-—
534 983 601 1022 nam
625 966 664 1023 ad
678 966 913 1025 Muraturianam
936 967 1068 1026 tabulam
1091 969 1166 1026 haec
1188 985 1237 1026 res
1259 968 1380 1026 omnino
1402 987 1462 1026 non

132 1075 249 1143 spectat
265 1103 302 1111 —
319 1085 378 1126 nou
394 1068 517 1126 maioris
539 1069 682 1127 momenti
702 1069 775 1127 mihi
797 1087 865 1128 esse
881 1069 1006 1128 videtur.
1043 1069 1079 1127 In
1095 1069 1232 1128 decurias
1252 1069 1348 1129 fuisse
1363 1071 1461 1129 distri-

130 1173 204 1230 buta
225 1171 355 1249 collegia
376 1171 411 1228 ad
435 1188 512 1246 quae
533 1170 730 1247 fragmentum
753 1171 980 1230 Henzeniauum
1007 1181 1037 1230 et
1062 1173 1166 1230 tabula
1188 1169 1372 1232 Gruteriana
1397 1193 1462 1250 per·

130 1275 249 1333 tineant
276 1291 315 1332 ex
342 1274 418 1350 ipsis
445 1274 645 1332 marmoribus
672 1285 809 1350 apparet;
837 1274 889 1332 sed
916 1294 969 1333 cnr
997 1282 1165 1334 statuamus
1192 1275 1288 1334 solum
1318 1292 1463 1352 augurum

131 1376 292 1453 collegium
313 1376 344 1435 in
366 1377 504 1435 decurias
526 1376 621 1435 fuisse
643 1376 843 1448 distributum,
866 1395 925 1434 non
948 1377 1075 1453 video1).
1119 1377 1225 1454 Itaque
1248 1378 1367 1436 tabulae
1385 1375 1463 1437 Gru·

130 1480 250 1538 teriana
277 1497 306 1554 p.
323 1478 426 1549 toul
456 1488 486 1537 et
511 1478 715 1538 Muratoriana
742 1499 771 1555 p.
789 1479 893 1552 350,2
923 1479 987 1538 sine
1013 1480 1123 1538 idonea
1150 1497 1242 1539 causa
1267 1475 1350 1540 ‘fasti
1372 1499 1464 1558 augu-

130 1576 212 1640 rum’
236 1581 337 1640 vocari
360 1581 431 1640 mihi
452 1582 599 1641 videntur.
644 1581 792 1641 Tabulam
819 1589 918 1641 autem
947 1580 1157 1641 Gruterianam
1185 1601 1245 1642 non
1272 1583 1370 1641 sulum
1400 1584 1464 1642 sine

131 1703 236 1755 causa,
260 1683 312 1744 sed
334 1683 423 1742 etiam
445 1683 522 1743 falso
545 1685 708 1762 auguribus
731 1686 864 1757 attribui,
887 1705 953 1744 cum
976 1686 1014 1744 ad
1037 1685 1116 1744 aliud
1133 1685 1282 1761 quoddam
1305 1685 1463 1762 collegium

131 1788 293 1862 pertineat,
317 1787 515 1846 demonstrari
537 1805 629 1863 posse
651 1795 733 1864 puto.

220 1889 390 1950 Secundum
417 1889 548 1948 tabulam
572 1888 781 1949 Gruterianam
810 1889 891 1967 quod
919 1891 950 1948 in
983 1891 1081 1948 locum
1116 1889 1247 1950 Neronis
1275 1890 1464 1967 imperaturis

132 1993 265 2050 defuncti
289 2012 316 2072 a.
339 2012 367 2068 p.
393 1990 463 2051 Chr.
488 1991 526 2051 68
550 1992 682 2051 Rutilius
707 1991 843 2052 Gallicus
866 2000 1023 2070 cooptatus
1046 2001 1102 2063 est,
1129 2011 1189 2051 non
1214 1993 1264 2068 qui
1286 1993 1316 2051 in
1338 1993 1465 2068 imperio

133 2097 160 2153 ei
185 2096 332 2153 successit
355 2091 465 2164 Galba,
492 2095 647 2154 commode
670 2095 804 2172 expediri
829 2115 890 2154 nun
916 2103 1016 2172 potest
1041 2095 1101 2154 nisi
1128 2105 1161 2153 ut
1187 2103 1363 2164 statuamus,
1390 2092 1465 2153 Gal-

132 2201 201 2256 bam
235 2198 295 2256 iam
328 2198 475 2276 privatum
510 2197 605 2256 eidem
638 2199 766 2273 collegio
799 2199 894 2256 fuisse
926 2198 1119 2273 adscriptum.
1167 2200 1335 2273 Acceperat
1367 2205 1465 2256 autem

137 2301 248 2373 Galba,
270 2309 428 2376 antequam
451 2299 650 2375 principatum
674 2309 847 2376 occuparet,
873 2309 949 2359 teste
972 2298 1118 2359 Suetonio
1146 2299 1250 2376 (Galb.
1268 2299 1317 2375 8),
1342 2296 1466 2374 ‘triplex

138 2404 344 2472 sacerdotium,
367 2403 445 2460 inter
466 2402 719 2478 quindecimviros
744 2403 921 2479 sodalesque
944 2403 1052 2473 Titios,
1075 2404 1144 2462 item
1169 2402 1354 2479 Augustales
1377 2421 1465 2478 coop-

136 2501 236 2565 tatus'.
282 2504 353 2563 Non
368 2505 406 2562 ad
422 2522 552 2581 augures
567 2505 668 2580 igitur,
685 2506 737 2564 sed
753 2505 859 2563 autad
875 2505 1126 2582 quindecimviros
1143 2507 1237 2564 sacris
1252 2504 1401 2563 faciundis
1416 2513 1467 2562 aut

134 2609 170 2666 ad
195 2608 316 2666 sodales
332 2606 430 2666 Titios
452 2614 504 2665 aut
526 2607 564 2664 ad
579 2608 696 2666 sodales
713 2609 897 2686 Augustales
913 2607 1017 2665 tabula
1033 2606 1214 2666 Gruteriana
1232 2608 1288 2666 erit
1301 2607 1466 2666 reserenda.

219 2710 270 2768 Ex
297 2710 393 2768 tribus
421 2710 469 2767 his
499 2710 674 2768 sacerdotiis
701 2711 820 2768 tertium
844 2729 911 2768 esse
933 2711 1081 2768 sodalium
1106 2710 1220 2770 scilicet
1241 2711 1466 2786 Augustalium,

135 2814 173 2871 ad
196 2813 278 2888 quod
300 2817 447 2888 pertineat
469 2810 661 2884 Grutcriana,
684 2813 813 2872 efficitur
835 2833 874 2871 ex
896 2813 982 2870 titulo
1005 2821 1123 2890 reperto
1146 2832 1170 2870 c.
1194 2831 1220 2871 a.
1240 2811 1318 2872 1828
1341 2811 1468 2890 Tarqui·

135 2917 194 2974 niis
217 2915 358 2991 (Henzen
375 2913 464 2972 6048.
482 2915 653 2972 Wilmanns
673 2915 765 2990 1213)
781 2916 881 2993 posito
903 2912 953 2988 Ὢ.
970 2915 1114 2974 Petronio
1129 2915 1258 2987 Meliori,
1282 2916 1345 2972 viro
1368 2914 1419 2990 co(
1441 2915 1469 2991 )·

134 3017 269 3094 s(ulari)‚
294 3061 321 3076 ..
346 3016 442 3076 sodali
464 3016 654 3094 Aug(ustali)
678 3013 885 3094 claudiali’2),
914 3037 1001 3094 quern
1030 3018 1121 3076 alium
1150 3035 1216 3076 esse
1243 3037 1278 3076 ac
1300 3016 1338 3091 Q.
1361 3017 1465 3075 Petro-

133 3125 217 3182 nium
241 3121 395 3178 Meliorem
418 3127 494 3178 teste
516 3120 620 3178 tabula
642 3118 825 3180 Gruteriaua
846 3139 874 3178 a.
899 3120 958 3178 230
981 3121 1057 3178 inter
1084 3122 1254 3180 sacerdotes
1281 3120 1352 3178 illos
1377 3138 1467 3194 coop·
1561 3143 1563 3148 ·

135 3235 231 3284 tatum
262 3224 326 3281 veri
356 3222 589 3281 dissimillimum
620 3221 783 3299 videtur³);
811 3242 907 3300 neque
935 3225 1042 3300 opinor
1071 3223 1230 3299 quisquam
1253 3241 1288 3280 eo
1317 3223 1468 3300 confugiet

214 3438 240 3504 ¹)
261 3437 340 3500 [Puto
364 3438 484 3488 decuriae
508 3439 660 3488 vocabulum
685 3440 808 3504 singulari
828 3441 904 3504 plane
923 3441 1023 3490 ratione
1042 3445 1191 3504 usurpatum
1211 3446 1236 3488 et
1254 3439 1281 3488 in
1301 3439 1468 3488 Henzeniana

134 3541 160 3584 et
182 3535 210 3583 in
238 3532 395 3584 Gruteriana
418 3531 506 3580 tabula
536 3547 637 3582 causam
661 3532 739 3581 fuisse
769 3547 814 3581 cur
843 3534 958 3582 omnium
986 3549 1111 3582 consensu
1136 3531 1220 3581 adhuc
1245 3532 1467 3596 coniungerentur.

133 3629 203 3678 Nam
224 3625 356 3674 decuriam
377 3639 434 3673 cum
453 3623 514 3672 satis
535 3631 633 3674 constet
651 3625 795 3688 significare
814 3627 917 3690 proprie
937 3626 1055 3675 homines
1075 3625 1163 3674 decern
1177 3625 1296 3685 denosve,
1316 3624 1393 3673 facile
1413 3625 1467 3688 qui-

136 3721 196 3768 dem
221 3717 376 3767 transfertur
394 3717 428 3765 ad
448 3716 588 3781 quemlibet
606 3717 685 3766 aliurn
705 3732 848 3780 numerum,
869 3725 896 3768 ut
915 3718 1030 3767 centuria
1049 3732 1125 3782 saepe
1145 3717 1272 3781 significat
1290 3717 1406 3765 homiues
1425 3723 1470 3764 aut

136 3815 194 3876 plus
215 3817 318 3860 centum
338 3816 382 3858 aut
400 3810 497 3871 minus3
518 3810 562 3858 sed
582 3810 695 3874 singulos
721 3810 792 3858 lucos
817 3811 844 3858 in
869 3811 977 3874 collegio
1000 3811 1117 3859 decurias
1136 3809 1260 3874 appellari
1280 3815 1305 3857 et
1325 3815 1362 3856 tot
1381 3823 1468 3856 nume-

135 3907 187 3954 rari
213 3907 242 3953 in
270 3902 380 3966 collegio
405 3901 522 3950 decurias
548 3909 610 3966 quot
634 3902 660 3949 in
688 3916 718 3950 eo
738 3902 855 3950 homines
874 3904 932 3962 sint,
958 3903 1028 3966 quod
1050 3903 1076 3950 in
1096 3901 1165 3950 hisee
1185 3900 1278 3950 tabulis
1297 3901 1392 3950 factum
1413 3915 1468 3949 ease

136 3998 227 4062 negari
247 4011 300 4044 non
319 4000 410 4058 potest,
436 4010 494 4042 cum
519 4001 544 4042 et
563 4000 664 4058 praeter
690 3995 815 4043 rationem
837 4010 892 4044 esse
911 3995 1041 4043 videretur
1063 4001 1088 4042 et
1106 3993 1231 4058 exemplis
1251 3993 1328 4042 nullis
1347 3992 1405 4040 aliis
1425 3993 1468 4040 de·

134 4091 216 4151 feudi,
245 4088 401 4152 singularem
428 4086 495 4136 hunc
519 4103 592 4136 usum
620 4087 701 4135 risum
727 4093 766 4135 est
789 4101 865 4150 quam
889 4087 1002 4136 maxime
1025 4087 1144 4150 restringi
1164 4092 1282 4151 oportere
1302 4100 1349 4135 nec
1368 4091 1470 4150 praeter

136 4182 317 4232 necessitatem
336 4180 370 4228 ad
389 4180 463 4244 plura
482 4180 590 4243 collegia
609 4180 771 4228 sacerdotum
791 4180 981 4229 extendendum
1002 4195 1064 4229 csse.
1104 4180 1155 4230 Ta.
1175 4177 1235 4242 M.].

214 4271 239 4334 2)
260 4273 362 4322 'l'itulna
387 4272 536 4336 sepulcralis
556 4272 671 4321 eiusdem
691 4271 723 4332 Q.
743 4273 858 4322 Petronii
878 4273 995 4322 Melioris
1016 4271 1106 4333 (Orelli
1127 4271 1209 4333 3775)
1234 4287 1291 4322 cum
1311 4271 1377 4322 nihil
1396 4285 1469 4336 prae·

138 4375 177 4417 ter
196 4365 358 4416 consulatum
378 4363 490 4413 hominis
510 4364 632 4425 enuntiet,
653 4364 695 4414 hic
714 4364 779 4414 nihil
798 4365 832 4414 ad
850 4379 905 4414 rem
924 4365 994 4415 facit.

215 4456 241 4520 ³)
263 4457 340 4518 Quod
359 4457 386 4505 in
406 4457 614 4506 Wilmannsiana
633 4457 730 4522 sylloge
750 4474 775 4507 n.
792 4458 863 4507 1213
886 4458 918 4506 ad
938 4459 1131 4523 inscriptionem
1151 4459 1218 4509 hanc
1238 4458 1388 4508 adnotatum
1408 4457 1469 4522 legi·

137 4559 191 4601 tur:
210 4542 321 4599 ‘vixisse
342 4547 385 4610 [Q.
399 4549 550 4599 Petronium
569 4549 717 4613 Meliorem]
739 4551 805 4599 circa
825 4556 933 4600 aetatem
950 4551 1039 4603 Severi
1052 4552 1199 4602 Alexandri
1219 4551 1303 4600 adhuc
1322 4549 1468 4615 putabatur,

139 4660 197 4694 cum
221 4642 310 4692 album
332 4641 493 4691 sacerdotum
518 4642 586 4706 apud
607 4642 744 4693 Gruterum
765 4644 857 4704 300,1
879 4658 947 4692 anno
968 4645 1021 4694 230
1046 4645 1112 4694 inter
1135 4644 1279 4695 sacerdotes
1299 4643 1385 4693 nescio
1406 4657 1470 4706 quos

139 4741 288 4802 cooptatum
308 4733 430 4783 exhibeat
449 4732 481 4794 Q.
495 4733 645 4784 Petronium
662 4735 814 4797 Meliorem3
835 4751 892 4784 eum
913 4743 998 4785 tamen
1017 4737 1092 4786 huius
1111 4737 1192 4786 filium
1213 4737 1298 4800 potius
1317 4736 1396 4785 fuisse
1415 4751 1470 4785 rno-

142 4834 185 4877 net
203 4843 245 4877 me
264 4827 450 4888 Mommsenus,
476 4842 533 4875 cum
552 4827 630 4890 legati
649 4828 758 4892 legionis
778 4828 925 4877 Alexandri
945 4835 1029 4878 aetate
1048 4835 1143 4878 certum
1163 4829 1309 4892 exemplum
1328 4827 1412 4878 adhuc
1430 4843 1470 4878 re-

140 4926 241 4984 pertum
266 4920 300 4968 sit
323 4910 431 4968 nullum'
449 4947 481 4955 —
498 4926 553 4968 erat
576 4926 661 4968 autem
681 4919 712 4980 Q.
733 4920 870 4969 Petronius
889 4921 985 4970 Melior
1008 4922 1076 4970 tituli
1095 4921 1290 4985 Tarquiniensis
1314 4921 1412 4986 legatus
1434 4922 1470 4971 le·

141 5013 246 5076 gionum
270 5011 414 5060 tricesimae
439 5011 533 5075 Ulpiae
561 5019 585 5060 et
616 5018 721 5061 octavae
747 5010 878 5075 Augustae
891 5038 941 5074 =—,
967 5014 993 5062 in
1018 5012 1066 5062 hac
1091 5028 1119 5062 re
1144 5019 1256 5063 erratum
1283 5021 1331 5076 est3
1361 5029 1421 5064 nam
1447 5021 1472 5064 et

143 5109 224 5153 aetate
249 5103 396 5153 Alexandri
428 5109 453 5152 et
481 5109 540 5168 post
568 5104 747 5153 Alexandrum
772 5104 915 5168 legatorum
944 5105 1075 5169 legionum
1103 5107 1237 5170 complura
1267 5114 1337 5156 certa
1369 5113 1471 5157 exstant

143 5197 260 5260 exempla
285 5197 312 5244 in
338 5195 436 5260 sylloge
461 5195 784 5246 Orelliana·Henzeniana
809 5195 889 5246 3143.
916 5197 996 5246 6504.
1022 5196 1093 5248 6746
1112 5196 1203 5256 (=C.
1223 5200 1244 5249 1.
1264 5200 1294 5249 L.
1314 5199 1381 5261 VII,
1398 5198 1470 5261 107).

145 5288 223 5338 6804.
260 5289 345 5337 Immo
366 5288 453 5339 omnia
473 5289 582 5352 quaein
608 5288 682 5337 titulo
703 5288 884 5353 Tarquiniensi
910 5291 1028 5354 leguntur
1047 5292 1124 5341 aetati
1144 5291 1355 5342 Alexandrianac
1374 5292 1470 5357 optime

144 5380 304 5430 conveniunt.
