3620 6050
352 567 422 638 176
605 607 607 610 -
944 575 1093 638 abanan

349 763 422 822 tutis
443 761 509 827 fisci
532 760 651 819 nomine
672 778 782 838 praeeo
804 759 896 837 gratis
917 761 1107 836 praebendus
1129 769 1188 835 est;
1214 761 1246 820 in
1272 771 1430 838 puteorum
1455 760 1670 826 venditionibus

348 865 511 926 centesima
532 863 685 939 praeconii
707 863 744 921 ab
767 873 900 937 emptore
925 864 1064 940 exigitur.

206 969 251 1020 III
265 969 335 1020 Bali·
433 966 532 1041 Quam
554 967 613 1026 late
636 966 811 1024 balneorum
834 983 907 1024 rusus
922 968 1052 1045 patuerit
1072 987 1127 1044 per
1148 976 1241 1026 totam
1264 969 1472 1044 antiquitatem
1489 967 1670 1026 notissimum

212 1054 255 1102 ¹¹⁶³
274 1054 328 1148 fru-
348 1078 409 1142 est3
431 1089 469 1128 ne
490 1071 590 1147 operis
605 1068 723 1145 quidem
739 1069 927 1128 metallorum
949 1071 1132 1147 pauperibus
1146 1071 1323 1130 beneficium
1338 1071 1396 1130 hoe
1419 1070 1549 1130 salutare
1571 1069 1672 1128 deesse

204 1234 228 1267 v·
241 1137 335 1270 331
348 1174 506 1233 voluerunt
527 1172 579 1248 qui
601 1191 637 1230 ea
658 1172 809 1248 regebant.
852 1171 984 1231 Locatur
1005 1173 1106 1232 balnei
1127 1173 1242 1232 fructus
1258 1174 1431 1232 conductori
1452 1173 1511 1244 ita,
1527 1181 1559 1230 nt
1581 1173 1608 1230 is
1630 1191 1671 1229 ar-

347 1277 459 1334 bitratu
486 1275 689 1352 procuratoris
716 1274 948 1356 metallorum'a
972 1275 1110 1334 kalendis
1139 1275 1225 1334 Iuliis
1253 1276 1341 1334 unius
1371 1277 1517 1352 cuiusque
1546 1275 1617 1334 anni
1643 1275 1671 1332 in

346 1379 443 1455 pridie
465 1377 610 1436 kalendas
633 1377 753 1436 easdem
777 1377 847 1436 anni
870 1377 1021 1454 sequentis
1043 1372 1106 1436 'sua
1130 1379 1268 1456 impensa
1289 1379 1396 1437 balnea
1421 1388 1500 1437 recte
1523 1386 1671 1455 praestare

346 1481 453 1541 debeat
479 1481 616 1539 omnibus
632 1480 750 1556 ,diebus
777 1480 866 1538 certis
893 1479 953 1538 diei
982 1480 1063 1538 horis
1090 1480 1162 1539 viris
1191 1481 1423 1558 mulieribusque
1450 1481 1555 1557 pretiis
1578 1481 1670 1540 certis.

347 1585 397 1642 Ab
424 1583 498 1642 hora
524 1591 630 1641 octava
655 1583 737 1640 viros
765 1582 879 1640 Romae
905 1582 1007 1640 lavare
1033 1584 1227 1642 consuevisse
1254 1603 1293 1642 ex
1318 1583 1386 1642 aliis
1413 1584 1472 1641 iam
1498 1583 1672 1643 testimoniis

347 1686 490 1746 deducere
512 1685 609 1756 licuit3
633 1685 790 1744 mulierum
811 1686 902 1743 horae
924 1695 1023 1744 certae
1039 1686 1170 1744 nondum
1193 1691 1394 1746 innotuerunt.
1440 1685 1563 1746 Scilicet
1585 1705 1671 1763 quan·

346 1808 436 1865 quam
464 1797 695 1848 consentaneum
723 1795 779 1860 est,
811 1787 939 1846 diversis
965 1787 1041 1847 locis
1073 1788 1163 1847 horas
1190 1807 1309 1865 quoque
1334 1789 1508 1848 balneorum
1530 1789 1673 1860 variasse,

344 1891 376 1950 in
397 1891 568 1950 universum
594 1898 693 1948 tamen
723 1889 876 1962 credibile,
899 1909 975 1966 quae
997 1889 1112 1948 Romae
1133 1891 1165 1949 in
1188 1910 1243 1950 usu
1269 1900 1355 1950 erant
1380 1893 1481 1963 horae,
1507 1909 1559 1950 eas
1589 1895 1673 1949 etiarn

345 1995 417 2054 alibi
440 1995 615 2052 observatas
638 2011 703 2051 esse
726 1991 808 2067 (vide
830 1992 1075 2068 Marquardtii
1097 1993 1207 2052 enchir.
1227 1992 1256 2051 V
1278 1996 1291 2050 l
1317 2014 1346 2070 p.
1364 1993 1448 2068 278).
1492 1994 1539 2051 lta
1564 1994 1599 2052 in
1619 1994 1673 2052 hoc

345 2116 464 2174 quoque
490 2095 610 2154 metallo
636 2095 752 2154 videtur
778 2113 855 2154 more
882 2093 980 2153 urbico
1011 2096 1144 2154 lavatum
1171 2113 1251 2168 esse,
1285 2105 1318 2154 ut
1344 2105 1390 2155 est
1414 2097 1446 2154 in
1473 2095 1569 2154 titulis
1599 2095 1674 2154 notis

344 2201 459 2259 duobus
482 2199 666 2258 Bononiensi
689 2206 719 2256 et
740 2197 911 2256 suburbano
934 2199 1014 2274 apud
1034 2198 1228 2258 Marinium
1256 2197 1342 2275 (Arv.
1365 2218 1394 2274 p.
1412 2197 1498 2274 532).
1543 2198 1593 2256 De
1614 2197 1675 2256 bal-

345 2322 468 2362 neorum
506 2301 609 2378 pretiis
645 2320 705 2359 non
741 2301 837 2358 multa
877 2301 974 2358 adhuc
1014 2301 1186 2360 testimonia
1226 2303 1425 2377 suppetebant
1465 2300 1548 2376 (vide
1585 2301 1675 2360 Mar·

345 2405 552 2481 quardtium
574 2405 594 2462 l.
618 2415 650 2462 s?
666 2421 689 2462 s.
713 2423 742 2479 p.
760 2401 820 2462 280
842 2403 908 2462 adn.
934 2403 1003 2479 55):
1030 2404 1111 2479 quod
1133 2423 1151 2461 a
1172 2404 1245 2462 viris
1268 2405 1421 2475 semisses,
1443 2398 1504 2461 non
1527 2405 1675 2482 quadran·

344 2517 400 2580 tes,
428 2515 461 2566 ut
486 2507 601 2564 Romae
627 2507 659 2563 in
687 2505 803 2564 balneis
830 2505 969 2581 publicis,
997 2525 1016 2564 a
1042 2507 1216 2565 mulieribus
1245 2525 1329 2566 asses
1357 2507 1525 2584 exiguntur,
1553 2525 1570 2564 e
1594 2507 1674 2564 lucro

345 2611 520 2670 conductori
535 2625 678 2667 concesso
700 2607 829 2666 fortasse
851 2609 1062 2685 explicandum
1085 2618 1140 2668 est.
1184 2608 1389 2684 Quaecunque
1410 2609 1596 2688 praestanda
1611 2615 1678 2668 sunt

346 2711 522 2790 singillatim
549 2710 807 2788 praescribuntur,
836 2711 946 2786 nequid
969 2711 1139 2770 desiderent
1165 2712 1216 2788 qui
1244 2712 1359 2771 balneis
1393 2718 1526 2770 utentur:
1553 2731 1635 2796 aqua
1661 2731 1676 2768 e
1791 2763 1792 2818 1

344 2815 455 2874 recenti
481 2814 632 2889 profluens
661 2822 721 2870 tam
749 2812 846 2871 calida
874 2833 965 2891 qnam
991 2815 1101 2893 frigida
1128 2814 1173 2888 (in
1199 2815 1394 2892 hypocaustis
1421 2815 1499 2874 enim
1526 2814 1629 2872 calida
1649 2822 1678 2872 et
1791 2863 1792 2924 1

344 2918 454 2995 tepida,
476 2917 508 2974 in
529 2916 624 2974 labris
647 2915 757 2993 frigida
771 2916 887 2975 videtur
907 2917 1027 2993 fuisse),
1049 2917 1146 2976 ahena
1164 2935 1231 2974 cum
1254 2935 1327 2974 onra
1348 2927 1485 2995 purgata,
1508 2917 1625 2994 lignum
1641 2917 1677 2974 ad

344 3019 575 3080 calefaciendum
597 3019 809 3077 necessarium.
854 3017 943 3093 Quod
965 3038 1044 3096 aqua
1068 3020 1100 3077 in
1126 3020 1322 3096 hypocaustis
1352 3021 1394 3078 ad
1421 3038 1594 3078 summam
1622 3038 1677 3076 ra·

343 3143 421 3182 nam
443 3121 624 3199 praestanda
645 3120 687 3196 (v.
705 3119 758 3196 21)
775 3121 882 3179 dicitur
904 3122 973 3179 inde
994 3122 1126 3180 fortasse
1148 3122 1323 3198 explicatur,
1346 3122 1427 3197 quod
1448 3125 1480 3180 in
1501 3123 1571 3180 lacu
1595 3123 1677 3180 ranis

343 3245 382 3284 ex
404 3244 473 3282 aere
494 3231 566 3301 puto
588 3223 675 3282 factis
698 3231 727 3280 et
749 3224 838 3282 certis
862 3225 969 3299 spatiis
992 3225 1028 3281 ad
1052 3225 1181 3301 parietes
1204 3225 1307 3282 affixis
1329 3243 1426 3300 aquae
1449 3223 1578 3283 altitudo
1601 3224 1678 3282 indi·

343 3329 475 3386 cabatur.
521 3323 674 3386 Summam
695 3325 787 3403 igitur
808 3345 910 3384 ranam
927 3327 987 3384 nisi
1009 3345 1089 3402 aqua
1107 3327 1282 3403 attingebat,
1304 3346 1409 3404 parum
1430 3344 1528 3402 aquae
1548 3326 1678 3404 praesti·

341 3430 418 3488 aisse
440 3429 603 3488 conductor
625 3429 813 3504 arguebatur.
859 3425 998 3488 Ceterum
1014 3429 1134 3488 aliunde
1149 3438 1294 3504 quantum
1314 3430 1376 3488 scio
1398 3428 1495 3487 simile
1516 3429 1595 3487 nihil
1618 3436 1677 3486 tra-

343 3532 437 3590 ditum
459 3549 554 3606 neque
577 3536 608 3589 in
630 3531 804 3589 balneorum
826 3531 961 3608 reliqniis
983 3549 1110 3608 nsquam
1133 3533 1325 3590 observatum
1348 3539 1403 3589 est.
1791 3557 1792 3600 l

426 3636 528 3692 Alina
559 3633 637 3710 (sive
659 3634 765 3705 abeno,
792 3644 823 3692 ut
850 3635 1036 3710 grammatici
1063 3635 1178 3712 aliquot
1204 3634 1394 3694 scribendum
1417 3632 1578 3708 docebant)
1604 3652 1677 3692 vasa
1791 3617 1792 3650 ¹

342 3748 412 3798 sunt
434 3756 525 3814 supra
546 3736 744 3812 hypocausim
766 3737 876 3812 posita,
901 3737 1061 3812 inquibus
1089 3755 1168 3812 aqua
1195 3737 1304 3794 balneo
1330 3737 1479 3795 destinata
1504 3737 1677 3809 calefiebat3

341 3840 429 3898 docet
456 3841 513 3898 hoo
539 3838 706 3896 Vitruvii
729 3841 933 3898 testimonium
956 3840 1079 3915 aliquod
1100 3847 1203 3898 notum
1226 3839 1253 3896 V
1278 3840 1357 3910 ll,l
1389 3838 1441 3914 (cf.
1463 3839 1678 3916 Marquardt

341 3943 361 4000 l.
386 3961 408 4000 s.
437 3961 460 4001 s.
484 3963 514 4019 p.
531 3943 590 4002 292
614 3944 681 4002 adn.
706 3943 769 4019 31).
813 3942 860 4000 Ea
885 3943 976 4018 igitur
1002 3941 1163 3999 conductor
1193 3943 1311 4000 iubetur
1339 3959 1398 3999 uno
1426 3959 1545 4019 quoque
1573 3960 1679 4000 mense

342 4045 441 4103 tonare
474 4055 580 4122 torpere
612 4045 817 4122 naquerqqne]
850 4047 937 4121 adipe
970 4064 984 4102 e
1016 4048 1134 4116 recenti,
1166 4045 1198 4102 id
1229 4051 1276 4102 est
1306 4065 1344 4102 ex
1376 4045 1503 4120 integre,
1537 4045 1679 4103 similiter

342 4145 437 4223 (quod
458 4147 629 4206 observavit
647 4147 909 4222 Mommsenus)
932 4153 965 4204 nt
987 4147 1123 4206 aedificia
1143 4147 1304 4206 reficienda
1326 4147 1578 4206 curantnracolo
1594 4147 1679 4206 vela

335 4249 534 4323 fundamentis
556 4260 586 4310 et
608 4269 686 4327 quae
709 4250 921 4309 suntsimilia.
1438 4239 1442 4246 ’

424 4351 554 4428 Lignum
582 4354 619 4411 ad
647 4353 883 4412 calefaciendum
912 4352 1115 4410 necessarium
1143 4351 1184 4427 (v.
1201 4351 1251 4424 31,
1279 4352 1500 4427 comprehendo
1523 4353 1606 4410 enim
1630 4352 1679 4410 hic

341 4473 461 4530 qnoque
483 4474 560 4532 qnae
574 4456 712 4532 quamvis
730 4455 856 4514 diversis
878 4455 967 4514 huius
983 4453 1091 4530 capitis
1112 4455 1188 4513 locis
1210 4455 1323 4530 scripta
1344 4474 1376 4512 re
1398 4455 1465 4530 ipsa
1486 4462 1590 4514 tamen
1606 4475 1679 4514 oon-

340 4557 490 4634 iungenda
515 4558 597 4634 sunt)
625 4558 787 4617 conductor
814 4575 930 4634 semper
956 4565 1091 4632 paratum
1113 4557 1223 4615 habere
1245 4557 1377 4628 iubetnr;
1405 4557 1533 4615 vendere
1560 4557 1606 4634 (v.
1624 4557 1678 4632 28)

340 4661 404 4718 eius
427 4661 502 4738 ligni
525 4661 602 4719 nihil
617 4662 644 4718 ei
665 4662 745 4732 licet,
768 4662 829 4719 nisi
848 4661 929 4736 quod
950 4661 988 4717 ad
1010 4659 1242 4717 calefaciendum
1259 4677 1330 4718 usus
1352 4659 1466 4718 nullius
1489 4667 1544 4718 est.
1591 4659 1680 4718 Haec

341 4761 405 4820 sine
429 4763 519 4820 dubio
544 4765 624 4838 liquo
645 4763 699 4821 illa
720 4770 790 4821 sunt
813 4761 855 4838 (v.
872 4761 926 4838 28)
946 4781 979 4820 ea
997 4763 1211 4820 reeianmintbna
1228 4780 1374 4820 ramorum
1389 4781 1462 4837 qaae
1476 4765 1557 4820 ostili
1571 4763 1680 4821 idonea

321 4883 396 4922 aaa
417 4874 507 4924 erant.
551 4865 670 4924 Etenim
694 4866 882 4924 recisaminis
897 4865 1074 4924 vocabulum
1097 4865 1216 4923 aliunde
1235 4865 1366 4924 nondum
1388 4877 1493 4923 notum
1514 4864 1606 4924 facile
1628 4865 1679 4922 de-

340 4967 455 5024 rivatur
476 4986 494 5024 a
516 4967 673 5026 recidendo
693 4968 741 5026 vel
762 4969 864 5045 potius
886 4967 1057 5040 recisando;
1081 4967 1170 5026 ostile
1193 4975 1303 5039 autem,
1326 4967 1405 5044 quod
1428 4968 1460 5024 in
1483 4975 1614 5044 utraque
1636 4968 1679 5026 la·

340 5067 439 5124 minae
454 5078 538 5144 parte
553 5071 632 5128 clare
647 5071 767 5148 legitur,
791 5069 941 5128 difficilius
958 5069 1133 5146 explicatur.
1179 5068 1319 5146 Cogitavi
1335 5088 1390 5146 ego
1406 5069 1443 5127 de
1461 5071 1566 5141 astilia,
1591 5069 1680 5129 actile

341 5168 488 5256 adiectivo
511 5172 548 5228 ab
571 5173 684 5231 urendo
706 5173 833 5230 formato
860 5181 894 5230 ut
921 5172 958 5229 ab
980 5173 1090 5231 utendo
1111 5173 1205 5244 utilis,
1233 5192 1251 5230 a
1278 5172 1393 5231 suendo
1420 5172 1521 5232 sutilis
1543 5171 1680 5231 forman-
