3614 6054
489 623 798 676 ossnuvnmouss
825 623 1110 680 scrcnnrnronn.
1393 607 1464 678 331

132 799 303 876 exemplum
333 799 419 856 adest
444 797 474 857 id
503 798 601 876 ipsum
628 797 709 874 quod
736 797 806 856 olim
836 797 939 870 attuli3
966 797 1081 858 scilicet
1102 798 1200 858 classe
1221 799 1360 860 Romana
1382 820 1467 878 proe-

131 901 181 960 liis
203 903 361 980 ventisque
382 901 482 960 deleta
503 919 530 960 a.
552 922 580 960 n.
597 919 623 960 c.
640 900 699 958 716
724 889 751 956 οἵ
768 923 798 958 τε
821 893 896 980 φίλοι
920 901 1080 978 Appianus
1106 902 1149 959 ait
1171 901 1212 978 (b.
1236 921 1260 961 c.
1286 905 1314 976 5,
1331 902 1396 980 92),
1419 893 1467 960 nai

130 1006 182 1062 τῶν
203 994 313 1062 nitzdu
334 1023 406 1066 τινες
428 999 509 1080 ἇυτᾳῖ
532 1001 580 1078 (0.
598 1001 738 1078 Caesari)
764 1003 834 1062 ναῦς
856 998 1048 1080 ὑπισχνοῦντο
1070 991 1118 1060 nal
1140 997 1248 1062 daciano
1270 1005 1320 1082 (ef.
1336 1004 1397 1064 Dio
1414 1005 1466 1078 48,

130 1107 186 1180 49;
209 1106 368 1166 Drnmaun
391 1107 421 1181 4,
438 1105 522 1182 576).
567 1105 657 1164 Addo
679 1105 806 1164 alterum
829 1104 1017 1184 desumptum
1041 1125 1079 1166 ex
1094 1105 1219 1166 Valerio
1234 1107 1367 1166 Maximo
1388 1108 1417 1180 9,
1437 1109 1467 1180 3,

131 1211 149 1268 8
173 1212 224 1288 (cf.
240 1210 425 1271 Plutarchus
446 1207 523 1268 Sull.
540 1207 594 1284 37)
616 1215 687 1286 post
708 1208 878 1268 incendium
894 1206 1039 1286 Capitolii
1061 1209 1140 1268 bello
1162 1207 1289 1272 Sullano
1311 1211 1467 1288 pecuniam

129 1335 147 1373 a
178 1313 392 1374 decurionibus
419 1310 595 1370 Puteolanis
625 1310 805 1388 promissam
836 1309 873 1369 ad
900 1311 1093 1372 refectionem
1122 1313 1196 1372 eius.
1249 1310 1382 1372 Gravius
1411 1321 1467 1384 est,

129 1417 212 1494 quod
239 1423 337 1476 aetate
363 1414 557 1491 imperatoria
583 1414 635 1474 vix
660 1413 733 1472 belli
757 1413 874 1472 navalis
902 1414 1014 1472 mentio
1039 1415 1087 1487 fit;
1119 1433 1299 1492 quamquam
1327 1435 1365 1475 ne
1393 1416 1467 1476 haec

130 1520 251 1596 quidem
273 1519 395 1578 omuino
417 1517 525 1590 deficit,
547 1535 613 1577 cum
629 1516 810 1594 Vespasiani
829 1516 955 1575 victoria
974 1517 1092 1576 navalis
1114 1517 1145 1575 in
1167 1518 1243 1596 ipsis
1265 1520 1396 1578 nummis
1419 1538 1467 1578 cc-

129 1624 261 1684 lebrctnr
283 1620 413 1698 (Eckhel
429 1621 458 1691 6,
474 1621 563 1698 330),
592 1619 643 1678 ubi
664 1628 780 1678 constat
798 1617 932 1695 intellegi
952 1619 1099 1694 proelium
1119 1639 1185 1680 cum
1202 1621 1322 1680 Iudaeis
1344 1622 1375 1680 in
1397 1622 1466 1680 lacu

130 1725 322 1786 Geuezareth
337 1723 539 1784 commissum.
578 1719 673 1781 Cuius
688 1721 758 1781 belli
772 1722 888 1780 navalis
905 1739 971 1780 cum
987 1739 1059 1782 casu
1076 1723 1221 1782 memoris
1236 1723 1274 1782 ad
1289 1741 1345 1782 nos
1361 1741 1466 1800 perve-

129 1830 217 1900 nerit,
243 1829 314 1886 item
336 1827 367 1885 in
389 1825 482 1886 altero
504 1825 585 1884 bello
607 1824 748 1884 Iudaeico
771 1823 929 1896 Hadriani,
952 1825 1036 1883 cuins
1059 1825 1170 1904 exigna
1191 1825 1297 1884 notitia
1318 1834 1465 1904 superest,

128 1932 228 1991 simile
254 1929 395 2007 quiddam
424 1927 559 1987 accidere
587 1926 695 2004 potuit,
722 1937 752 1985 et
779 1946 848 1986 vere
876 1927 907 1986 in
936 1927 1037 1986 lacero
1066 1928 1235 2006 fragmento
1264 1929 1328 1988 eius
1357 1931 1464 1990 aetatis

128 2035 189 2094 vol.
212 2032 258 2092 VI
284 2053 314 2092 n.
332 2031 411 2090 1565
433 2030 505 2090 belli
526 2029 658 2088 Indaeici
681 2029 791 2090 mentio
813 2030 848 2088 fit
869 2049 929 2088 una
951 2050 1019 2089 cum
1040 2028 1212 2090 Liburnicis
1234 2038 1264 2090 et
1286 2033 1394 2092 classis
1417 2052 1465 2091 or-

128 2147 213 2196 natu.
256 2135 396 2212 Denique
426 2134 538 2192 classes
569 2130 751 2191 Germanica
776 2141 806 2192 et
833 2132 1007 2192 Pannonica
1033 2143 1062 2191 et
1089 2134 1167 2192 aliae
1193 2135 1307 2193 multae
1333 2136 1406 2212 quin
1433 2136 1463 2193 in

127 2239 237 2299 Rheno
269 2248 299 2296 et
329 2237 361 2296 in
389 2235 532 2296 Danuvio
560 2242 590 2294 et
622 2234 692 2294 alibi
725 2255 792 2295 cnm
815 2235 951 2294 hostibus
973 2236 1182 2313 pugnaverint,
1215 2241 1282 2314 quis
1305 2247 1465 2315 propterea

126 2343 159 2400 in
192 2340 408 2400 dubitationem
442 2338 577 2411 vocabit,
609 2337 689 2413 qnod
722 2338 758 2396 de
792 2337 941 2396 eiusmodi
973 2339 1082 2418 pugnis
1116 2346 1254 2399 auctores
1289 2341 1464 2400 tacuerunt?

127 2443 188 2505 Sed
223 2451 256 2502 nt
289 2443 346 2501 hoc
379 2441 526 2500 concedas
560 2440 640 2500 bella
670 2439 790 2498 navalia
817 2441 907 2499 etiam
935 2449 1031 2500 aetate
1060 2441 1254 2519 imperatoria
1280 2443 1374 2502 multa
1400 2444 1464 2520 geri

126 2547 264 2625 potuisse
292 2546 426 2620 adeoque
453 2552 540 2622 gesta
562 2561 630 2602 esse
653 2542 757 2614 videri,
785 2542 833 2599 hic
854 2543 952 2619 agitur
974 2543 1110 2602 debello
1133 2544 1312 2622 gravissimo
1339 2555 1370 2604 et
1395 2565 1462 2604 cum

126 2649 254 2708 summis
281 2647 390 2706 aerarii
417 2645 563 2722 angustiis
592 2645 765 2715 coniunct03
793 2664 861 2704 nam
889 2663 963 2704 sane
988 2653 1113 2724 propter
1134 2646 1280 2722 proelium
1303 2647 1379 2706 illud
1401 2646 1463 2708 Ge-

125 2750 343 2810 nezerathense
377 2748 548 2824 similiaque
580 2747 695 2823 reliqua
726 2746 887 2807 Ostienses
919 2748 1043 2824 praedia
1073 2767 1131 2808 sua
1162 2769 1223 2807 non
1255 2748 1461 2810 vendiderunt.

125 2854 276 2931 Equidem
308 2853 366 2911 hoc
395 2849 514 2910 saeculo
547 2869 640 2910 unum
673 2849 770 2910 solum
803 2849 915 2908 bellum
937 2851 1023 2924 novi,
1057 2852 1095 2910 ad
1118 2851 1198 2928 quod
1220 2851 1294 2910 talia
1315 2859 1394 2912 recte
1415 2873 1462 2912 re·

124 2957 198 3017 ferri
219 2957 348 3034 possint,
372 2954 485 3016 scilicet
506 2953 586 3030 quod
609 2953 729 3012 Marcus
751 2953 848 3030 gessit
869 2971 935 3011 cum
950 2953 1161 3013 Marcomanis.
1205 2951 1283 3013 Nam
1306 2973 1365 3032 quo
1388 2963 1461 3015 tem-

122 3080 199 3140 pore
238 3059 304 3136 ipse
344 3059 523 3136 imperator,
557 3076 623 3116 cum
656 3055 802 3116 aerarium
835 3057 1015 3116 exhaustum
1048 3057 1178 3128 rideret,
1212 3057 1328 3118 clvibus
1361 3068 1460 3116 antem

123 3164 272 3223 molestus
294 3179 363 3221 esse
389 3161 492 3232 nollet,
518 3179 572 3236 per
598 3160 674 3218 dnos
696 3177 815 3219 menses
837 3159 953 3219 Romae
978 3161 1009 3219 in
1031 3160 1097 3218 foro
1119 3161 1181 3220 divi
1203 3159 1327 3220 Traiani
1348 3162 1460 3220 auctio·

123 3286 193 3326 nem
208 3272 450 3326 ornamentorum
466 3262 667 3340 imperialium
689 3262 760 3322 iecit
782 3261 859 3338 (vita
875 3263 923 3321 17.
941 3261 993 3336 213
1016 3263 1182 3340 Eutropius
1198 3264 1227 3333 8,
1247 3264 1313 3340 13),
1336 3265 1364 3323 ei
1387 3273 1461 3322 tem-

123 3369 193 3445 pori
219 3374 298 3426 recte
323 3365 461 3426 convenit
487 3365 611 3424 colonos
637 3363 793 3424 Ostienses
823 3375 857 3424 ut
882 3367 1037 3442 pecuniam
1067 3374 1173 3443 sponte
1200 3383 1256 3425 sua
1283 3367 1322 3426 ad
1346 3366 1459 3428 bellum

122 3471 302 3548 promissam
331 3469 506 3527 exolverent
528 3467 650 3544 praedia
678 3486 734 3526 sua
762 3468 890 3526 vendere
924 3468 1065 3527 voluisse.
1110 3468 1175 3528 Nec
1204 3469 1333 3528 dubitari
1360 3477 1461 3546 potest

121 3575 202 3632 inter
229 3578 368 3648 sumptus
395 3571 460 3630 eius
487 3570 558 3630 belli
584 3588 676 3629 naves
703 3588 823 3646 quoquc
853 3570 947 3628 fuisse
973 3571 1011 3628 ad
1041 3571 1168 3630 classem
1197 3571 1403 3632 Pannonicam
1431 3582 1461 3631 et

122 3673 308 3734 Moesiacam
330 3673 507 3752 augendam.
550 3672 691 3749 Denique
715 3670 855 3745 Gamala,
876 3691 964 3747 quem
987 3694 1012 3731 a.
1039 3672 1097 3732 138
1121 3673 1341 3732 adulescentem
1366 3674 1460 3734 luisse

122 3777 265 3851 vidImus,
295 3776 334 3835 ad
356 3795 383 3834 a.
406 3795 431 3834 c.
457 3775 515 3834 170
542 3774 681 3833 advivere
703 3775 810 3849 potuit.
853 3772 951 3848 Quam
978 3775 1101 3832 obrem
1124 3774 1196 3832 mihi
1224 3777 1297 3834 satis
1319 3783 1459 3835 constare

123 3880 241 3938 videtur
270 3879 318 3955 agi
346 3878 403 3937 hoc
435 3877 500 3936 loco
528 3857 565 3937 de
598 3876 814 3954 pollicitatione
840 3875 919 3934 facta
947 3877 984 3934 ab
1007 3875 1201 3936 Ostiensibus
1230 3883 1365 3954 tempore
1386 3878 1458 3936 belli

121 3981 346 4041 Marcomanici.

261 4204 317 4264 IV.
360 4201 624 4266 TESTIMONIA
646 4201 803 4262 POPVLI
824 4202 881 4262 DE
903 4200 1077 4262 MERITIS
1101 4201 1321 4262 GAMALAE.

211 4393 237 4449 1.
282 4391 347 4451 baie
368 4401 465 4450 statua
481 4408 571 4450 aenea
588 4389 743 4468 peq(uniu)
764 4390 912 4468 putatos)
934 4390 1146 4468 d(ccurionam)
1169 4388 1309 4466 d(ecreto)
1328 4390 1455 4467 νοείτω)

124 4505 165 4554 eat
193 4491 236 4569 (B
260 4491 329 4569 28);
358 4493 494 4552 similiter
515 4493 545 4551 A
567 4492 621 4552 38:
651 4496 716 4552 itero
744 4494 851 4552 ahenea
880 4493 1009 4569 (statua)
1040 4495 1067 4550 d.
1095 4495 1124 4552 d.
1151 4512 1180 4570 p.
1204 4513 1236 4569 p.
1261 4495 1360 4570 posito
1387 4492 1455 4568 (est)

115 4612 257 4673 procuras
279 4595 406 4655 attonat
427 4595 640 4672 quaererer-tc).

207 4697 236 4756 2.
281 4697 346 4756 bate
372 4708 468 4758 statua
493 4700 632 4758 lacerata
658 4695 796 4774 d(ecreto)
824 4697 1034 4774 Mararmanis)
1057 4696 1211 4775 p(ecunia)
1234 4696 1383 4775 p(ublica)
1403 4717 1456 4773 po·

119 4805 178 4860 sita
198 4811 241 4860 est
262 4799 305 4876 (A
326 4799 390 4877 36).

206 4903 235 4962 3.
279 4903 353 4961 bunc
374 4903 537 4962 decumanae
552 4906 658 4979 funere
676 4903 792 4981 publico
815 4903 985 4978 efferendum
1007 4915 1175 4962 censuerunt
1196 4902 1237 4979 (A
1254 4903 1319 4979 44).
1356 4901 1454 4963 Simili

119 5005 253 5064 formula
275 5005 369 5062 utitur
390 5004 495 5064 titulus
517 5005 594 5064 alter
616 5004 770 5066 Ostiensis
793 5005 927 5066 Henzeni
950 5027 977 5064 n.
1000 5006 1090 5065 7011.

685 5289 890 5300 *-
