3614 6054
360 617 434 688 270
954 635 1100 686 Jouunu

442 809 688 868 BEBRYX·
715 807 829 867 AVG
852 837 859 852 ·
882 808 904 866 L
930 839 936 852 ·
959 807 1284 866 DRVSIANVS
1313 838 1320 852 ·
1346 807 1601 868 XANTHVS

443 925 1344 971 ria-mcuonro·nerecenvur·manmon1avs·onunvanvnr
1355 927 1538 971 merorum
1553 931 1591 971 nv

400 1069 461 1107 non
484 1051 582 1108 minus
606 1050 774 1126 suspiciosa
796 1057 866 1107 sunt
888 1049 1008 1106 testium
1031 1049 1067 1105 de
1090 1048 1160 1106 sede
1182 1048 1418 1123 fragmentorum
1441 1050 1541 1107 verba.
1572 1051 1675 1127 inspec-

399 1153 439 1210 tis
466 1161 581 1224 autem,
608 1170 682 1228 quas
705 1151 896 1210 Bormannus
923 1151 996 1208 mihi
1023 1151 1201 1222 transmisit,
1225 1150 1343 1209 schedis
1367 1149 1401 1209 O.
1418 1151 1442 1209 I.
1458 1150 1494 1209 L.
1518 1153 1574 1209 iam
1594 1155 1674 1228 paulo

400 1262 479 1312 certe
506 1255 708 1313 commodiore
734 1255 852 1312 ratione
878 1253 983 1310 lectori
1010 1253 1180 1312 dissensum
1208 1272 1309 1310 eorum
1332 1255 1466 1313 subicere
1488 1254 1564 1312 licet.
1605 1255 1675 1312 Mar·
1771 1279 1772 1312 ι

398 1357 484 1416 lianii
511 1359 626 1416 Metelli
652 1356 768 1433 Ligorii
795 1357 887 1414 verba
913 1377 951 1414 cx
979 1356 1098 1416 schedia
1125 1357 1312 1432 transcripsi,
1342 1357 1527 1429 Memmiana,
1557 1357 1675 1432 quaein

398 1460 447 1518 his
469 1479 529 1519 non
550 1461 679 1536 repperi,
702 1481 740 1518 ex
764 1458 798 1518 C.
814 1460 839 1517 I.
856 1459 890 1518 L.

397 1562 587 1622 Marlianius:
624 1559 694 1620 ‘uno
718 1563 859 1638 epistylio
889 1561 1024 1620 interiori
1051 1556 1163 1638 parte':
1199 1581 1218 1618 a
1234 1563 1264 1634 b,
1296 1553 1395 1619 ‘extra
1424 1580 1495 1620 vero
1526 1562 1555 1618 in
1583 1560 1674 1618 eodem
1771 1617 1772 1630 ,

622 1659 791 1740 epistylio’:
815 1683 829 1722 a
1771 1737 1772 1740 Ἴ

398 1765 553 1828 Metellus:
622 1768 686 1826 sine
702 1767 902 1843 praescripto:
919 1787 974 1839 a,c
990 1786 1083 1843 usque
1098 1767 1137 1825 ad
1151 1787 1179 1827 v.
1192 1783 1230 1824 aa
1243 1762 1273 1824 ‘a
1288 1775 1371 1844 tergo
1387 1763 1535 1844 epistylii’
1550 1783 1674 1826 onvu-

620 1886 788 1942 Fscanvur,
815 1866 915 1928 ‘extra
941 1869 973 1926 in
999 1871 1103 1928 eodem
1126 1865 1296 1946 epistylio’:
1327 1872 1461 1945 dusque
1484 1871 1523 1927 ad
1545 1885 1675 1928 Puuscou
1771 1845 1772 1856 ἵ

618 1970 662 2032 ‘in
684 1974 743 2032 alio
765 1968 871 2030 latere'
895 1987 960 2030 iavs
977 2005 1015 2014 -
1032 1989 1206 2044 nausnvru,
1228 1969 1270 2030 ‘in
1292 1967 1376 2030 alio‘:
1399 1973 1415 2030 b

394 2076 549 2152 Ligorius:
614 2073 657 2134 ‘in
678 2077 857 2134 frammento
881 2075 910 2132 di
933 2071 1125 2134 architrave':
1149 2095 1168 2132 a
1185 2078 1213 2146 ol,
1234 2072 1307 2132 ‘lato
1330 2071 1475 2133 esterno':
1500 2075 1526 2148 b,
1548 2071 1618 2131 ‘lato
1638 2075 1676 2130 in-

618 2174 731 2237 terno’:
760 2199 788 2250 ⁶3
817 2179 859 2235 ita
885 2178 916 2234 in
944 2177 1056 2255 Neap,
1084 2179 1164 2237 idem
1190 2179 1221 2236 in
1247 2178 1318 2236 Par.
1342 2178 1407 2236 siue
1428 2196 1574 2255 praesen:
1604 2197 1629 2246 a,
1649 2176 1676 2231 in

619 2283 724 2340 eodem
747 2275 915 2357 epistylio':
940 2281 1030 2340 bod.

393 2383 562 2442 Manutius:
616 2384 648 2442 in
677 2384 781 2442 eodem
812 2384 955 2460 epistylio
984 2385 1022 2442 ab
1050 2385 1191 2443 interiore
1218 2392 1316 2462 parte:
1350 2384 1376 2455 b,
1404 2386 1441 2444 ab
1465 2385 1624 2442 exteriore:
1656 2399 1677 2451 c,

570 2511 575 2522 ·
616 2482 659 2544 ‘di
681 2481 800 2563 sopra’:
824 2507 852 2556 a,
875 2488 923 2544 cui
945 2487 1029 2546 addit
1049 2489 1106 2564 frg.
1131 2489 1158 2546 d.

392 2592 452 2647 iam
481 2589 552 2648 licet
579 2589 688 2647 videar·
709 2589 783 2648 mihi
810 2589 957 2665 quendam
985 2591 1224 2648 testimoniorum
1257 2589 1408 2648 Marlianii
1440 2589 1626 2664 Manutiique
1653 2595 1678 2643 et

391 2691 506 2751 Metelli
534 2690 711 2768 Ligoriique
741 2709 921 2752 consensum
948 2693 1245 2752 animadvertere-
1262 2693 1402 2751 nimirum
1430 2692 1475 2749 illi
1498 2712 1519 2750 a
1542 2693 1558 2750 b
1583 2689 1677 2748 titulos

391 2794 535 2867 interiori,
559 2813 574 2857 c
592 2795 710 2852 titulum
733 2796 874 2854 exteriori
895 2796 973 2872 parti
995 2797 1139 2872 epistylii,
1160 2796 1191 2852 hi
1206 2815 1225 2852 a
1240 2796 1255 2852 b
1271 2795 1376 2853 titulos
1400 2795 1531 2853 diversis
1554 2793 1678 2852 eiusdem

390 2897 523 2974 epistylii
549 2899 685 2976 partibus
716 2899 876 2974 adsignare
901 2899 1037 2956 videntur
1056 2933 1096 2940 —
1119 2907 1218 2956 tamen
1240 2918 1336 2974 neque
1358 2898 1470 2956 Metelli
1496 2898 1587 2956 verba
1610 2895 1677 2952 satis

389 3000 531 3077 intellego
560 3021 615 3060 nec
643 3003 727 3076 prius
755 3002 799 3060 rei
827 3003 924 3060 adhuc
951 3001 1040 3078 plane
1068 3002 1215 3059 obscurae
1238 3001 1470 3077 explicationem
1492 3019 1585 3074 posse
1606 2996 1679 3056 felici

390 3113 497 3163 eventu
529 3105 669 3181 temptari
696 3114 768 3181 puto
796 3124 885 3182 quarn
916 3107 951 3162 de
979 3105 1144 3181 propagine
1171 3105 1411 3182 apographorum
1441 3104 1612 3178 quaesitum
1639 3099 1679 3156 fu-

389 3212 454 3264 erit.
499 3208 621 3266 videant
648 3209 740 3285 igitur
768 3210 877 3284 quibus
908 3229 944 3267 ea
971 3211 1008 3268 de
1036 3229 1068 3266 re
1097 3209 1237 3266 iudicium
1267 3209 1409 3284 competit
1441 3207 1467 3265 si
1500 3206 1579 3265 forte
1607 3205 1679 3263 ultra

387 3311 509 3388 prodire
535 3312 638 3370 datum
665 3313 712 3370 sit.
756 3313 890 3388 integros
912 3311 1026 3370 vidisse
1054 3311 1158 3369 titulos
1186 3311 1256 3370 illos
1278 3310 1469 3370 Marlianium
1491 3309 1677 3369 Metellumve

388 3413 526 3489 equidem
547 3433 608 3472 non
631 3414 815 3474 crediderim.

345 3623 365 3678 4
388 3623 480 3696 (ined.
497 3623 534 3698 i).
557 3657 599 3666 -
624 3624 658 3682 ln
686 3644 746 3682 una
772 3624 808 3682 de
835 3626 931 3682 tribus
958 3626 1093 3684 tabernis
1117 3624 1158 3700 (v.
1181 3645 1209 3683 n.
1233 3625 1345 3701 antec.)
1372 3625 1428 3682 hoc
1457 3643 1538 3682 anno
1568 3622 1676 3681 iacebat

386 3725 496 3804 fragm.
519 3745 624 3785 marm.
647 3727 756 3786 litteris
778 3729 931 3804 pessimis,
955 3729 1035 3805 quod
1058 3727 1213 3804 descripsi.

934 3876 1094 3951 fo‘uffl

344 4099 498 4159 5:938.
517 4099 700 4162 —Saeculo
731 4111 838 4160 octavo
871 4102 902 4160 in
929 4102 1070 4177 epistylio
1102 4101 1185 4160 aedis
1218 4101 1398 4178 Vespasiani
1425 4102 1461 4160 de
1488 4121 1550 4177 qua
1578 4118 1675 4176 super-

385 4211 453 4259 sunt
482 4210 544 4260 tres
574 4203 731 4262 columnae
761 4204 874 4262 ordinis
905 4204 1044 4262 corinthii
1074 4223 1141 4263 cum
1169 4211 1254 4280 parte
1284 4204 1432 4280 epistylii,
1461 4204 1499 4262 ab
1531 4216 1675 4278 anonymo

384 4303 591 4363 Einsiedlensi
612 4306 698 4377 lecta,
721 4325 800 4364 nunc
822 4315 966 4385 exparte
990 4316 1157 4382 superstes;
1180 4306 1250 4364 fuit:

344 4469 411 4524 diuo
433 4471 607 4546 caepasioao
630 4481 750 4546 coquam
773 4491 797 4528 a.
812 4490 842 4544 p.
859 4490 886 4545 q.
902 4490 927 4526 r.
953 4470 956 4546 l
980 4473 1047 4545 imp.
1072 4489 1292 4529 sacrasanctam
1315 4481 1342 4529 et
1361 4465 1514 4529 catoniaca
1533 4473 1584 4546 pii
1599 4467 1674 4544 falic.
1699 4531 1708 4548 ,

341 4569 456 4646 au9[q.]
478 4587 643 4630 resrirvea

342 4779 410 4835 6=
428 4781 518 4840 1019.
535 4815 576 4824 -
590 4783 629 4840 A.
656 4781 755 4840 1834?
777 4781 895 4840 Parvus
918 4783 1024 4858 cippus
1047 4802 1232 4842 marmoreus
1253 4803 1316 4860 rep.
1339 4780 1430 4840 ‘sotto
1452 4783 1474 4840 il
1495 4783 1626 4858 palazzo
1648 4778 1675 4834 di

382 4880 592 4960 Campidoglio
621 4902 708 4942 verso
731 4885 754 4942 il
781 4880 860 4942 soro’
889 4887 1046 4958 Amatius3
1073 4883 1169 4944 ‘entre
1196 4905 1228 4944 se
1249 4881 1371 4962 temple'
1394 4883 1612 4962 (Vespasiani)
1638 4879 1677 4936 ‘et

381 4984 456 5042 celui
479 4985 515 5042 de
537 4987 568 5045 la
590 4983 758 5044 Concorde’
780 4987 940 5046 Buusenus
962 4990 1042 5044 Ann.
1065 4993 1135 5046 inst.
1160 4989 1251 5060 1834,
1268 4987 1321 5058 243
1348 5007 1426 5045 nunc
1447 4989 1478 5045 in
1499 5005 1580 5044 mus.
1603 4983 1673 5058 Cap.

596 5161 681 5218 diuae
698 5164 768 5236 piae
792 5161 796 5238 l
813 5165 964 5236 faustinae
989 5164 992 5240 Ι
1016 5167 1111 5222 uictor
1134 5183 1160 5239 q.
1187 5165 1190 5240 Ι
1215 5163 1251 5221 ab
1273 5182 1331 5220 aar.
1354 5173 1400 5221 sat

379 5332 476 5390 asin.
499 5350 607 5392 urceus
632 5333 750 5410 scalpro
772 5335 900 5409 deletus,
924 5339 992 5396 ad.
1015 5345 1128 5416 patara.
