3596 6040
213 1923 214 1926 ψ
342 1764 470 1876 aar
493 1765 775 1878 aaran
801 1716 1218 1882 transcuntia.

290 1965 693 2042 ADDITAMENTVM
720 1968 788 2043 AD
817 1968 1058 2044 CORPORIS
1086 1967 1196 2043 VOL.
1227 1967 1272 2041 ΙΙ.

118 2169 297 2320 Aljaatrel
322 2250 405 2308 vicus
432 2259 478 2307 est
504 2250 534 2307 in
557 2250 717 2309 Lusitania
742 2251 932 2309 meridionali
959 2251 1033 2309 situs
1057 2251 1155 2309 medio
1178 2252 1238 2308 fere
1261 2253 1338 2309 inter
1360 2251 1446 2308 Anae
1482 2261 1562 2324 Origo

118 2367 231 2410 cursum
255 2358 287 2408 et
309 2371 391 2409 oram
414 2353 594 2410 maritimam
622 2353 737 2424 itinere,
764 2373 782 2410 a
804 2353 964 2424 montibus,
994 2353 1045 2430 qui
1067 2353 1198 2430 Alqarve
1219 2371 1341 2430 regnum
1365 2353 1445 2411 clau·
1490 2345 1556 2392 aei-is

117 2451 193 2525 dunt,
216 2471 325 2511 versus
349 2455 580 2530 septentrionem
602 2456 633 2512 in
655 2455 780 2532 planitie
803 2455 873 2527 alta,
896 2475 984 2531 quam
999 2456 1137 2514 Lusitani
1160 2475 1239 2514 nunc
1261 2476 1397 2532 campum
1414 2457 1447 2512 dc

119 2553 239 2630 Oariqac
262 2557 409 2632 dieunt1).
453 2559 502 2616 Ab
519 2556 680 2616 Ossonoba
699 2565 787 2632 portu
803 2557 1000 2630 meridionali,
1022 2559 1073 2634 qui
1093 2559 1148 2616 fuit
1163 2577 1256 2635 propo
1272 2561 1446 2617 hodiernam

118 2656 191 2714 Foro
214 2659 330 2731 urbem,
354 2658 543 2737 Olisiponem
570 2680 624 2737 per
650 2661 799 2736 regionem
826 2660 910 2718 illam
939 2661 1017 2719 viam
1045 2661 1138 2718 luisse
1165 2667 1278 2719 certum
1306 2671 1364 2732 est3
1395 2660 1448 2716 sed

10 2782 17 2794 ·
117 2776 178 2814 cum
205 2760 354 2818 itinerarii
376 2762 574 2820 Antoniniani
602 2763 718 2833 itinera,
746 2780 823 2838 quae
849 2763 906 2820 huc
927 2763 1086 2840 pertinent,
1114 2764 1204 2839 plane
1226 2763 1355 2822 confusa
1378 2763 1447 2835 sint,

116 2861 149 2916 de
177 2863 244 2922 viae
274 2863 339 2921 eius
366 2865 573 2924 mansionibus
600 2866 673 2923 certi
700 2865 776 2922 nihil
806 2866 896 2922 statui
923 2873 1033 2940 potest.
1078 2865 1193 2924 Tamen
1220 2865 1376 2942 probabile
1403 2874 1449 2922 est

116 2965 272 3023 castellum
296 2975 392 3038 vetus,
419 2967 505 3024 cuius
536 2985 628 3043 supra
650 2967 746 3026 vicum
770 2967 913 3040 Aljaatrel
938 2969 1104 3045 parietinae
1132 2975 1303 3044 supersunt,
1326 2987 1344 3024 a
1365 2968 1449 3025 Mau-

115 3067 153 3124 ris
175 3069 300 3126 saeculo
324 3068 438 3126 decimo
461 3077 638 3146 occupatum
661 3078 775 3128 tantum
795 3088 874 3141 esse,
897 3089 956 3128 non
979 3070 1113 3128 funditus
1136 3077 1314 3128 extructum.
1361 3067 1449 3128 Scili-

115 3178 159 3226 cet
184 3169 346 3228 Romanae
373 3178 425 3228 aut
456 3171 634 3246 antiquioris
662 3171 751 3230 etiam
779 3173 905 3249 originis
934 3172 1010 3230 illud
1034 3173 1249 3245 videturesse,
1279 3191 1448 3248 quanquam

115 3271 188 3328 aliae
216 3273 301 3330 vitae
328 3273 482 3331 Romanae
509 3274 654 3349 reliquiae
681 3275 762 3350 quod
788 3275 880 3332 sciam
910 3275 1006 3332 adhuc
1034 3275 1075 3332 ibi
1108 3283 1244 3351 repertae
1276 3294 1335 3332 non
1370 3283 1450 3334 sunt.

10 3367 11 3386 ¹
114 3371 236 3451 Reperti
261 3393 333 3432 vero
356 3376 478 3433 suntin
500 3394 607 3451 campo
629 3375 682 3432 illo
702 3378 736 3434 dc
753 3375 881 3453 Oarique
902 3377 981 3435 tituli
1004 3377 1117 3453 aliquot
1139 3376 1321 3452 sepulcrales
1345 3378 1451 3452 scripti

114 3474 219 3535 litteris
247 3476 359 3552 ignotis
386 3477 514 3553 quidem,
542 3479 595 3535 sed
621 3475 845 3556 eisdem,'quas
872 3478 985 3538 nummi
1012 3479 1122 3537 habent
1143 3499 1182 3536 ex
1204 3479 1308 3537 eadem
1330 3479 1451 3554 regione

113 3579 326 3653 provenientes
355 3588 384 3637 et
406 3580 600 3655 probabiliter
622 3581 756 3638 attributi
780 3579 915 3640 Salaciae
938 3591 967 3638 et
983 3579 1182 3656 Caetobrigae
1204 3581 1323 3658 oppidis
1347 3582 1451 3655 paullo

115 3681 208 3756 magis
234 3699 342 3740 versus
365 3683 583 3759 septentriones
607 3679 715 3757 sitis2).
759 3682 826 3740 Has
849 3692 946 3741 autem
969 3683 1086 3741 litteras
1110 3702 1128 3740 a
1150 3683 1352 3742 Phoenicibus
1379 3684 1451 3740 olim

115 3783 258 3842 didicisse
272 3775 445 3855 Lusitanos,
468 3791 508 3850 ut
523 3785 560 3842 ab
582 3784 694 3842 eisdem
717 3784 834 3859 reliqua
857 3785 1022 3862 scripturae
1038 3801 1149 3860 genera
1168 3784 1350 3857 derivantur,
1374 3803 1451 3860 quae

114 3885 144 3942 in
157 3886 315 3962 Hispania
336 3893 481 3963 usurpata
501 3886 596 3944 fuisse
615 3886 729 3946 nummi
750 3886 890 3962 titulique
906 3886 1123 3958 demonstrant,
1145 3887 1213 3963 ipsa
1228 3905 1331 3944 eorum
1354 3887 1453 3943 forma

115 3988 208 4048 docet.
266 3988 373 4064 Itaque
406 3979 517 4046 certum
551 3997 596 4047 est
627 4008 680 4064 per
705 3989 774 4046 loca
800 3989 874 4045 haec
899 3989 989 4047 hodie
1017 3988 1136 4045 deserta
1161 3997 1191 4047 et
1217 4007 1310 4064 paene
1338 3988 1452 4046 inculta

115 4090 181 4150 inde
205 4111 224 4149 a
247 4090 462 4150 vetustissimis
485 4092 667 4166 temporibus
692 4091 861 4150 commercii
883 4108 975 4150 causa
997 4090 1112 4149 incolas
1135 4107 1333 4160 commeasse;
1361 4089 1452 4148 idem·

10 4237 12 4258 .
115 4211 170 4268 qne
186 4195 281 4252 etiam
297 4193 405 4250 Avieni
421 4193 553 4252 narratio
575 4192 743 4268 testatur³)‚
766 4193 850 4252 cuius
867 4200 980 4270 quanta
994 4200 1131 4253 vetustas
1155 4192 1194 4251 sit
1208 4192 1453 4250 Muellenhof-

114 4295 186 4353 fius
215 4303 319 4354 noster
348 4313 404 4354 nos
432 4293 589 4370 edocuit4).
633 4295 745 4354 Portus
774 4314 844 4354 orae
873 4284 1065 4355 occidentalis
1100 4295 1255 4372 proximus
1281 4294 1453 4370 Merobriga

114 4399 235 4456 videtur
257 4398 352 4455 luisse
375 4396 530 4474 (Santiapo
554 4400 588 4455 de
614 4398 711 4472 Capera
733 4389 906 4474 hodierna),
935 4397 1066 4456 Celticae
1094 4410 1126 4456 ut
1155 4416 1264 4456 nomen
1286 4397 1373 4454 docet
1395 4397 1453 4452 ori-

113 4501 193 4576 ginis
224 4500 379 4576 oppidum,
407 4500 493 4558 cuius
521 4519 587 4557 cum
613 4499 731 4558 incolas
758 4501 944 4576 plumbarios
970 4501 1117 4578 appellari
1144 4500 1262 4557 Plinius
1292 4498 1334 4572 (n.
1357 4498 1386 4556 h.
1409 4497 1453 4554 IV

114 4602 130 4676 ξ
156 4603 233 4678 118)
256 4602 344 4660 testis
367 4602 415 4672 sit,
437 4603 593 4678 plumbum
616 4595 648 4660 in
670 4601 779 4662 fodinis
803 4603 909 4661 vicinis
937 4603 1080 4662 effossum
1108 4601 1289 4662 eredendum
1312 4608 1358 4659 est
1383 4599 1453 4657 inde

113 4770 324 4779 ——-------

195 4891 220 4954 1)
259 4895 290 4942 In
315 4893 403 4943 tabula
427 4893 600 4957 geographica
623 4895 832 4958 inscriptionibus
852 4896 974 4958 Hispanis
994 4896 1095 4945 adiecta
1117 4895 1203 4960 priore
1223 4892 1350 4961 Aljaatrel
1368 4893 1457 4945 locum

115 4987 233 5036 medium
252 4985 307 5036 fere
326 4986 431 5035 deberet
450 4986 653 5036 obtinere'iuter
674 4983 784 5051 Oariqac
803 4993 829 5034 et
847 4984 1025 5054 Mesaejaaam.

195 5075 222 5140 ⁹)
261 5079 297 5128 Ut
309 5077 419 5128 Iacobus
432 5078 532 5129 Zobel
546 5079 732 5129 demonstravit
745 5079 772 5127 in
786 5077 950 5146 ephemeride
967 5081 1146 5130 numismatica
1160 5080 1288 5141 Parisina,
1309 5094 1357 5129 ser.
1373 5092 1455 5128 novae

115 5173 168 5220 vol.
193 5173 221 5232 8,
244 5169 314 5221 1863
334 5187 359 5234 p.
381 5171 442 5222 369.

196 5260 224 5324 3)
263 5262 330 5314 Orae
349 5264 434 5313 marit.
454 5279 478 5312 v.
500 5263 552 5313 200
569 5280 602 5314 ss.

195 5352 224 5416 ⁴)
262 5351 387 5420 Deutccbe
406 5353 642 5406 Altertbamakaade
663 5358 677 5406 1
698 5373 723 5422 p.
741 5355 791 5407 105
807 5355 839 5406 ss‘.
