3632 6040
418 2049 501 2158 DE
540 2045 811 2160 Hispano
851 2043 1136 2166 lorisve

703 2281 856 2290 -——-—-

54 2475 55 2478 η
112 2363 271 2505 Antiqui
294 2447 382 2504 quem
406 2427 484 2486 dixit
505 2427 685 2487 Huebnerus
708 2427 935 2505 inscriptionum
952 2427 1157 2505 Hispanarum
1180 2430 1311 2484 auctoris
1334 2444 1445 2486 novum

54 2521 55 2600 i
114 2531 281 2606 exemplum
305 2549 400 2607 nuper
420 2531 452 2587 in
474 2529 568 2587 lucem
591 2530 740 2606 prolatum
763 2537 818 2602 est,
846 2531 941 2588 codex
969 2530 1083 2589 scilicet
1106 2547 1182 2587 saec.
1205 2527 1283 2586 XVI
1304 2529 1445 2600 ineuntis,

54 2618 56 2697 i
114 2635 161 2708 qui
184 2633 242 2691 luit
263 2633 336 2690 olim
358 2633 493 2690 familiae
515 2632 672 2691 Filonardi
695 2635 726 2690 in
747 2633 858 2710 oppido
882 2632 986 2690 Bauco
1009 2651 1101 2711 prope
1123 2633 1340 2704 Frusinonem‚
1367 2650 1446 2690 anno

54 2730 56 2757 ³
115 2735 190 2793 1873
214 2735 331 2792 Romae
354 2755 372 2792 a
394 2733 594 2793 Constantino
618 2733 783 2794 Corvisieri
806 2736 966 2810 emptionis
988 2736 1052 2794 iure
1074 2743 1265 2810 comparatus
1292 2741 1322 2792 et
1342 2733 1445 2792 illatus

54 2838 56 2930 l
112 2837 140 2893 in
167 2837 378 2896 bibliothecam
406 2837 520 2914 regiam
547 2836 773 2896 Berolinensem
802 2837 886 2914 (pict.
912 2839 942 2896 A
965 2837 1001 2896 61
1027 2837 1072 2914 p).
1121 2836 1239 2896 Habuit
1264 2835 1445 2894 Huebnerus

53 2941 56 3018 l
113 2957 168 3014 quo
190 2950 327 3016 tempore
350 2939 516 3015 Hispanico
538 2940 640 3012 edidit,
667 2941 732 2999 eius
760 2939 870 2998 codicis
899 2939 1037 2997 notitiam
1063 2939 1194 3014 aliquam
1225 2939 1385 3015 specimine
1408 2941 1445 2996 ab

54 3023 56 3098 i
111 3041 255 3100 Henneno
284 3041 340 3099 sibi
366 3043 546 3100 transmisso
571 3042 613 3116 (v.
637 3043 717 3119 apud
739 3041 864 3100 eundem
888 3061 915 3117 p.
932 3041 1000 3118 Vl),
1024 3042 1076 3101 sed
1099 3061 1175 3118 quae
1204 3041 1241 3099 ad
1264 3041 1445 3116 exemplaris

53 3120 56 3227 i
111 3143 197 3203 huius
220 3143 379 3202 utilitatem
408 3143 639 3220 intellegendam
661 3163 722 3202 non
749 3144 908 3203 sufficeret.
951 3145 986 3201 In
1008 3143 1066 3202 hoc
1088 3145 1217 3219 Antiqui
1244 3143 1380 3201 collectio
1403 3143 1446 3199 in·

54 3234 56 3312 i
111 3255 191 3321 tegra
213 3253 316 3305 exstat
337 3246 510 3304 intermixta
539 3247 664 3323 syllogis
687 3247 774 3305 Italis
802 3247 867 3304 eius
896 3247 1002 3304 aetatis
1026 3246 1210 3324 vulgaribus.
1256 3244 1324 3318 Quo
1346 3263 1446 3303 exem·

54 3342 55 3418 i
111 3349 160 3424 plo
188 3369 258 3407 cum
285 3349 438 3407 nonnullis
468 3350 499 3406 in
526 3349 614 3408 rebus
644 3350 703 3421 eis,
732 3367 809 3424 quae
836 3349 935 3407 adbuc
962 3349 998 3405 de
1026 3353 1148 3407 auctore
1175 3350 1234 3406 isto
1261 3357 1334 3406 nota
1359 3347 1446 3405 nobis

54 3454 56 3477 '
112 3459 205 3524 erant,
229 3451 439 3529 supplementa
460 3469 520 3510 non
542 3451 620 3509 levia
642 3460 823 3523 accrescant,
847 3452 1011 3528 poterimus
1033 3451 1093 3509 iarn
1109 3471 1145 3510 eo
1168 3450 1320 3521 accedere,
1345 3458 1378 3506 ut
1399 3469 1446 3508 ar-

53 3512 56 3620 i
113 3555 235 3630 cbetypi
263 3553 408 3630 deperditi
434 3553 595 3631 imaginem
621 3554 814 3613 restituamus
841 3554 957 3612 ratione
984 3572 1043 3612 non
1066 3554 1148 3612 omni
1176 3572 1215 3612 ex
1243 3561 1328 3628 parte
1356 3531 1454 3623 certa*

54 3626 56 3723 i
111 3655 141 3712 in
162 3657 318 3732 plerisque
340 3663 441 3714 tamen
464 3655 536 3714 satis
559 3657 654 3714 firma.

53 3729 56 3785 i
192 3757 344 3836 Exempla
366 3767 475 3832 autem,
499 3758 608 3834 quibus
630 3777 703 3818 usus
726 3776 802 3831 sum,
825 3759 897 3817 baec
920 3766 1003 3818 sunt:

54 3846 56 3930 l
192 3861 216 3918 1.
264 3859 370 3920 codex
393 3861 574 3919 Mutinensis
596 3861 668 3920 bibl.
693 3860 758 3919 rar.
776 3861 824 3918 vr
845 3861 870 3918 r
894 3859 932 3920 aa
958 3861 1088 3935 scriptus
1111 3879 1138 3918 a.
1157 3861 1234 3920 1503
1259 3861 1347 3919 iussu
1368 3861 1448 3918 nar-

54 3947 55 3999 l
110 3963 163 4020 tini
186 3962 224 4021 de
248 3961 381 4035 Sransa,
404 3963 441 4021 de
464 3981 524 4040 quo
548 3963 623 4021 dixit
645 3961 826 4020 Huebnerus
853 3962 885 4020 0.
908 3963 934 4020 I.
958 3962 988 4019 II
1009 3981 1037 4038 p.
1054 3962 1113 4021 VI:
1141 3962 1206 4021 eius
1229 3961 1297 4022 libri
1320 3980 1446 4040 apogra-

53 4074 55 4152 l
110 4065 201 4139 phum
226 4066 264 4123 ab
280 4065 427 4124 Henzeno
443 4065 597 4123 Huebneri
620 4065 651 4123 in
673 4081 760 4122 usum
783 4065 948 4123 confectum
968 4072 1089 4140 praesto
1105 4065 1178 4123 mihi
1199 4064 1285 4124 fuit.
1309 4063 1449 4139 Hispana

110 4166 251 4242 leguntur
272 4168 293 4226 f.
311 4163 449 4226 83‘-93'
457 4189 465 4240 3
496 4186 625 4243 quorum
646 4166 719 4226 ordo
742 4167 897 4243 archetypi
919 4175 993 4243 puto
1015 4165 1096 4226 foliis
1117 4167 1310 4243 transpositis
1333 4175 1449 4244 pertur-

53 4253 55 4319 ὲ
110 4269 198 4328 batus
215 4279 273 4342 est,
288 4288 376 4346 quem
392 4271 582 4328 restituemus
603 4269 623 4327 f.
641 4264 780 4328 88¹-93‘
795 4269 950 4340 collocatis
972 4276 1041 4328 ante
1063 4269 1080 4326 f.
1099 4269 1147 4328 85.
1192 4267 1334 4328 Continet
1349 4278 1447 4327 autem

53 4354 55 4433 i
110 4369 183 4429 liber
207 4371 323 4432 Siederi
338 4371 595 4431 Tarraconensem
617 4373 711 4430 totius
735 4371 919 4430 collectionis
942 4383 1057 4450 partem
1081 4373 1194 4431 solam:
1215 4391 1305 4448 quam
1328 4371 1449 4430 exbibet

110 4481 138 4529 et
160 4473 337 4548 plenissime
360 4482 390 4534 et
411 4477 532 4552 optime.
578 4474 685 4534 Cetera
699 4494 771 4534 vero
795 4475 934 4553 exempla
955 4493 994 4534 ex
1014 4474 1164 4534 communi
1184 4493 1280 4552 eoque
1302 4474 1448 4532 deteriore

110 4573 192 4633 sonte
215 4577 364 4653 proficisci
386 4578 489 4638 multis
510 4579 585 4637 locis
609 4577 787 4649 ostenditur,
808 4577 858 4635 ubi
881 4578 964 4649 vitia,
993 4597 1070 4654 quae
1098 4582 1129 4636 in
1154 4577 1217 4636 illis
1239 4577 1379 4636 omnibus
1401 4595 1448 4634 re·

110 4677 214 4751 deunt,
237 4697 256 4735 a
279 4679 346 4737 solo
370 4676 486 4740 Siederi
507 4681 584 4740 libro
607 4681 723 4739 absunt.
767 4678 897 4754 Excipio
914 4681 1078 4755 Apianum,
1102 4679 1186 4738 cuius
1208 4680 1240 4736 in
1262 4677 1447 4737 collectionis

54 4821 55 4829 .
110 4778 197 4836 initio
222 4781 285 4856 (pl
309 4781 409 4858 -24)
426 4782 632 4859 Hispanarum
649 4781 775 4857 Antiqui
797 4781 1026 4858 inscriptionum
1050 4783 1141 4841 series
1163 4781 1264 4859 posita
1285 4788 1345 4838 est:
1368 4780 1448 4856 quod

53 4862 54 4933 Ῐ
110 4882 284 4957 exemplum
308 4884 498 4943 manifestum
522 4893 567 4944 est
589 4886 694 4944 eodem
716 4903 732 4942 e
754 4884 845 4956 fonte,
875 4884 954 4943 unde
976 4885 1085 4961 pendet
1108 4882 1260 4956 Siederus‚
1288 4883 1448 4959 proficisci.

54 4985 55 5050 Ῑ
109 4981 191 5040 Nam
214 4995 333 5058 praeter
349 4987 490 5045 Baeticos
513 4987 617 5044 titulos
640 4987 849 5063 paucissimos,
873 4987 923 5062 qui
946 4989 976 5046 in
993 4987 1051 5045 fine
1070 4986 1163 5044 additi
1188 4993 1266 5057 sunt,
1289 4985 1362 5044 nibil
1380 5003 1449 5043 con·

53 5092 54 5155 ἶ
109 5089 185 5142 tinet
208 5086 267 5143 nisi
290 5088 395 5158 titulos
411 5089 669 5162 Tarraconensem
692 5098 721 5147 et
743 5108 821 5165 quae
845 5089 907 5146 dixi
930 5090 966 5148 de
982 5088 1085 5146 ordine
1108 5088 1187 5166 apud
1204 5086 1358 5148 Siederum
1380 5108 1448 5164 per-

53 5209 55 5274 j
109 5188 243 5260 turbato,
273 5188 376 5248 eadem
405 5193 494 5250 etiam
522 5193 552 5248 in
580 5191 729 5269 Apianum
756 5191 875 5249 cadunt.
920 5189 1058 5249 Ceterum
1086 5191 1238 5266 Apianus,
1266 5208 1447 5266 quamquam

53 5283 56 5377 i
110 5309 177 5346 eum
204 5308 265 5348 non
288 5311 325 5350 ex
347 5291 415 5368 ipso
432 5291 546 5353 Siederi
569 5294 670 5352 codiee
693 5311 748 5352 sua
762 5293 904 5352 babuisse
921 5300 1047 5365 constat,
1070 5293 1159 5368 plane
1174 5292 1252 5351 abici
1267 5310 1357 5369 posse
1375 5291 1448 5349 mibi

53 5428 54 5438 .
109 5390 197 5450 visus
222 5399 276 5452 est.

1224 5493 1241 5554 ᾖ
1369 5435 1382 5452 .
