3620 6050
340 576 412 647 174
926 589 1074 650 1111111

336 782 403 832 csta
428 783 513 832 erant
540 773 590 842 (cf.
613 773 764 832 Plinius
792 795 821 832 n.
844 775 873 834 h.
896 774 1038 834 XXXIII
1063 775 1120 833 118
1143 775 1284 834 XXXIV
1310 774 1384 850 165)
1410 773 1549 850 idemque
1578 773 1662 830 etiam

336 877 410 935 alibi
432 877 570 934 obtinuit.
615 876 664 935 Ex
684 865 752 954 lege
767 877 946 954 Vipascensi
968 878 1112 936 discimus
1135 879 1255 955 negotia
1276 877 1434 954 officiaque
1457 877 1567 948 omnia,
1590 893 1663 950 quae

336 979 499 1039 secundum
522 997 587 1036 eam
609 978 755 1051 locantur,
784 981 915 1039 asociis
943 980 1068 1039 conduci
1095 981 1187 1039 solita
1213 998 1289 1039 esse.
1334 978 1540 1039 Conductores
1568 977 1662 1036 socios

334 1083 404 1141 illos
428 1099 533 1141 servos
555 1082 768 1160 mancipesque
796 1083 947 1154 habuisse,
975 1084 1083 1159 quibus
1109 1084 1255 1160 pecuniae
1283 1083 1475 1160 potissimum
1501 1080 1664 1157 exigendae

335 1203 457 1261 operam
486 1186 670 1256 mandarent,
704 1195 937 1244 consentaneum
964 1194 1018 1245 est.
1066 1185 1147 1244 Hinc
1174 1187 1304 1244 formula
1331 1185 1468 1244 sollemni
1495 1184 1572 1242 locis
1598 1182 1664 1259 plus

336 1288 440 1364 viginti
455 1289 486 1345 in
500 1289 556 1346 hac
570 1289 636 1364 lege
651 1288 799 1346 nominari
814 1289 948 1346 ridemus
971 1291 1167 1347 conductorem
1182 1292 1288 1346 socium
1303 1299 1458 1346 actorcmue
1473 1290 1533 1345 eins
1556 1284 1598 1360 (v.
1615 1285 1631 1342 3
1647 1284 1664 1340 4

337 1391 353 1447 7
383 1391 428 1448 bis
459 1392 495 1448 13
526 1391 563 1448 14
593 1389 630 1448 15
661 1390 697 1448 16
728 1391 764 1448 18
794 1389 833 1447 24
859 1392 898 1448 34
926 1391 966 1447 40
993 1393 1032 1449 43
1062 1393 1101 1450 45
1124 1392 1170 1449 bis
1197 1392 1234 1450 51
1259 1391 1305 1448 bis
1332 1390 1370 1449 53
1394 1390 1433 1448 55
1457 1388 1522 1464 60).
1568 1385 1665 1448 Semel

334 1493 525 1570 neglegentia
552 1493 682 1550 fortasse
715 1500 830 1550 tantum
861 1493 1043 1568 quadratarii
1072 1495 1223 1552 conductor
1249 1497 1376 1551 11111111
1402 1491 1524 1567 ponitur
1550 1489 1663 1548 omisso

335 1603 435 1654 actore
458 1595 499 1670 (v.
525 1595 588 1670 19).
634 1593 796 1667 Quaeritur
823 1605 922 1653 autem
944 1616 1014 1654 num
1038 1605 1120 1654 certa
1143 1616 1181 1654 cx
1209 1614 1303 1654 cansa
1325 1596 1478 1654 conductor
1505 1593 1590 1651 solus
1612 1609 1665 1648 nec

334 1707 434 1756 actore
455 1717 509 1756 nec
532 1701 613 1755 socio
637 1697 753 1756 adiecto
776 1699 945 1756 nominetur
966 1699 1036 1757 item
1058 1716 1118 1757 non
1143 1717 1220 1770 raro,
1249 1699 1361 1757 scilicet
1383 1696 1563 1754 duodeciens
1589 1693 1663 1768 (v.1

335 1801 351 1858 3
369 1799 407 1856 33
426 1799 463 1857 27
481 1799 520 1859 18
538 1799 577 1858 30
594 1801 629 1858 31
650 1799 687 1857 36
705 1801 743 1858 37
761 1800 798 1858 39
815 1800 855 1858 40
871 1799 935 1876 42).
981 1798 1081 1860 Semel
1101 1801 1237 1859 similiter
1256 1819 1310 1877 pro
1327 1799 1507 1859 conductore
1522 1797 1665 1874 scriptum

334 1910 379 1962 est
401 1907 450 1978 qut
472 1904 637 1960 conduxerit
658 1901 781 1978 (1.10).
826 1900 955 1961 Credere
978 1903 1088 1980 aliquis
1110 1904 1208 1981 possit
1233 1903 1265 1961 id
1286 1903 1329 1961 ibi
1352 1903 1415 1960 fieri
1437 1901 1489 1958 ubi
1510 1918 1573 1958 non
1596 1898 1667 1974 quid

334 2005 508 2063 conductori
528 2006 741 2079 praestandum
760 2005 800 2063 sit
819 2007 856 2063 ab
877 2005 943 2063 aliis
964 2006 1121 2077 indicetur,
1143 2006 1195 2063 sed
1216 2007 1289 2082 quid
1308 2006 1375 2082 ipse
1394 2004 1492 2062 111111
1514 2011 1565 2060 aut
1582 2017 1666 2078 prae·

334 2115 414 2166 stare
441 2108 561 2178 debeat3
597 2108 649 2164 sed
675 2107 751 2164 illud
779 2109 810 2165 in
837 2127 864 2165 1.
888 2109 901 2163 l
928 2109 944 2165 3
968 2127 1028 2166 non
1056 2110 1191 2184 quadrat.
1235 2109 1398 2167 Brevitatis
1427 2107 1519 2183 igitur
1547 2113 1666 2164 tantum

333 2228 424 2268 causa
445 2211 591 2268 formulae
614 2210 800 2268 sollemnitas
824 2210 940 2268 videtur
960 2211 1110 2269 interdum
1131 2211 1267 2289 neglecta
1289 2229 1364 2268 esse.

417 2311 579 2385 Quaeritur
606 2313 712 2370 deinde
739 2313 935 2370 conductores
962 2313 1007 2371 illi
1034 2313 1116 2386 socii,
1144 2314 1252 2388 quibus
1280 2313 1401 2388 singula
1422 2311 1543 2387 negotia
1565 2309 1667 2367 officia

332 2415 479 2488 locantur,
502 2423 600 2473 utrum
622 2415 712 2473 iidem
734 2415 846 2472 fuerint
867 2416 1014 2487 homines,
1042 2435 1081 2473 an
1106 2417 1138 2472 in
1169 2415 1296 2492 singulis
1319 2417 1408 2473 rebus
1431 2413 1553 2471 diversi.
1600 2411 1668 2470 Hoc

332 2535 502 2592 quanquam
525 2535 711 2593 consequens
734 2525 781 2576 est
803 2538 841 2576 ex
856 2519 954 2576 verbis
976 2519 1064 2594 legia,
1086 2527 1184 2576 tamen
1199 2538 1231 2575 11
1253 2517 1329 2576 illud
1342 2517 1405 2575 fere
1421 2517 1558 2574 evenisse
1582 2523 1666 2591 puto,

333 2620 447 2678 scilicet
474 2638 564 2676 unam
591 2620 685 2678 fuisse
712 2620 925 2678 conductorum
955 2621 1143 2692 societatem,
1172 2641 1247 2698 quae
1269 2619 1391 2678 metalla
1416 2619 1483 2696 ipsa
1505 2619 1668 2693 omniaque

333 2741 410 2798 quae
432 2722 619 2780 metallorum
642 2723 742 2797 operis
770 2723 951 2798 praestanda
977 2732 1079 2782 essent
1106 2724 1295 2794 conduxerit,
1323 2721 1519 2780 conductores
1549 2721 1668 2778 scilicet

333 2825 446 2883 metalli
468 2824 673 2899 Vipascensis.

415 2927 551 2985 Procedo
577 2946 656 2985 nnnc
683 2929 721 2985 ad
749 2929 935 3006 singulorum
962 2929 1091 3004 capitum
1114 2929 1355 3006 explicationem.

191 3047 206 3096 1
226 3047 318 3097 Certe·
417 3029 515 3104 Quam
537 3030 709 3106 frequentes
731 3031 763 3088 in
785 3033 848 3089 vita
873 3031 1012 3089 Romana
1032 3041 1093 3090 tarn
1116 3031 1234 3106 publica
1256 3049 1345 3106 quam
1368 3029 1487 3106 privata-
1508 3031 1668 3087 auctiones

193 3131 272 3179 simae
284 3144 323 3179 ar·
331 3132 442 3190 fuerint
460 3133 700 3190 Mommsenus
721 3135 891 3209 nuperrime
911 3135 1061 3211 exposuit,
1081 3153 1147 3192 cum
1164 3134 1291 3192 tabellas
1307 3132 1558 3209 perscriptionum
1575 3132 1670 3190 Pom-

192 3215 457 3312 gestat-nepem
488 3254 506 3292 a
533 3235 611 3293 Iulio
640 3235 677 3292 de
699 3235 810 3293 Petra
835 3237 964 3312 primum
991 3237 1086 3294 editas
1114 3236 1278 3311 explicaret
1304 3235 1348 3310 (in
1371 3235 1502 3294 Hermae
1524 3233 1587 3293 vol.
1605 3233 1671 3292 XII

203 3297 307 3430 stfflg
334 3338 407 3414 pul
420 3336 486 3412 ss).
519 3338 610 3414 Ipsae
633 3338 761 3396 tabellae
783 3339 853 3396 illae
876 3340 980 3397 eodem
996 3340 1066 3396 anni
1088 3339 1218 3414 proximi
1236 3357 1303 3396 vere
1317 3345 1463 3413 repertae,
1487 3355 1547 3413 quo
1563 3336 1671 3395 tabula

201 3479 224 3512 v,
251 3465 313 3514 1.9
335 3439 528 3514 Vipascensis
542 3440 663 3516 prodiit,
687 3417 841 3500 auctiones
856 3460 943 3516 quem
960 3443 1135 3500 admodum
1157 3442 1274 3499 institui
1299 3441 1406 3500 solitae
1422 3440 1482 3498 sint
1495 3439 1670 3497 accuratius

333 3550 362 3600 et
379 3543 498 3617 plenius
514 3561 604 3618 quam
626 3550 714 3600 antea
729 3561 783 3601 nos
800 3544 989 3602 edocuerunt.
1035 3542 1265 3621 Stipulationem
1283 3561 1352 3600 vero
1376 3543 1576 3619 argentariam
1602 3561 1669 3599 eam

333 3644 441 3702 dictam
471 3663 547 3717 esse,
574 3663 650 3720 quae
676 3646 754 3703 inter
781 3647 983 3721 argentarium
1009 3647 1254 3723 venditoremque
1276 3646 1375 3718 fiebat,
1403 3665 1442 3703 ex
1467 3645 1524 3702 hac
1546 3645 1671 3702 demum

330 3747 397 3823 lege
418 3747 557 3804 innotuit.
604 3745 689 3805 Unde
711 3749 767 3805 hoc
790 3749 867 3824 legis
890 3758 979 3824 caput
994 3768 1053 3806 una
1068 3769 1134 3807 cum
1157 3751 1292 3824 sequenti
1307 3749 1511 3806 Mommsenus
1534 3747 1670 3823 primum

331 3849 424 3907 edidit
444 3850 511 3907 loco
534 3867 627 3924 supra
648 3851 788 3923 indicate,
811 3860 971 3926 propterea
985 3852 1065 3927 quod
1086 3853 1155 3909 inde
1172 3853 1289 3909 demum
1305 3851 1452 3910 codicillis
1469 3850 1669 3924 Pompeianis

331 3953 422 4028 plena
442 3953 496 4010 lux
519 3952 638 4010 affulsit.
683 3951 857 4010 Centesima
878 3974 976 4012 rerum
1004 3955 1154 4012 venalium
1182 3955 1245 4012 slve
1267 3954 1439 4011 auctionum
1458 3954 1496 4010 ab
1522 3954 1669 4027 Augusto

331 4055 470 4112 inst‘tuta
497 4063 527 4111 11
555 4063 624 4128 post
649 4055 765 4130 aquuot
792 4057 972 4114 mutationes
1002 4055 1168 4114 aClaudio
1195 4057 1334 4114 restituta
1367 4056 1398 4112 in
1426 4055 1515 4112 Italia
1549 4062 1671 4112 tantum

331 4157 462 4228 valebat,
487 4157 585 4232 agitur
606 4157 655 4214 hic
677 4157 712 4213 de
736 4159 908 4230 centesima,
931 4178 1019 4234 quam
1043 4159 1279 4216 avenditoribus
1302 4159 1464 4234 exigebant
1486 4157 1538 4233 qui
1561 4175 1671 4214 eorum

330 4260 451 4316 nomine
473 4261 625 4317 auctiones
647 4260 854 4332 instituebant,
877 4261 907 4317 id
926 4272 973 4319 est
987 4261 1156 4336 argentarii.
1201 4263 1276 4318 Inde
1299 4261 1502 4338 stipulationis
1526 4269 1671 4336 argenta-

330 4361 393 4419 riae
416 4380 523 4418 nomen
546 4363 721 4436 explicatur.
768 4359 854 4434 Quod
883 4364 954 4422 alibi
982 4364 1172 4440 argentariis,
1199 4365 1230 4420 id
1256 4383 1294 4420 ex
1321 4363 1378 4420 hac
1400 4364 1466 4438 lege
1488 4361 1671 4420 conductori

330 4463 511 4521 centesimae
538 4463 595 4522 soli
621 4465 691 4522 licet
716 4465 747 4521 in
773 4465 913 4523 omnibus
940 4467 1005 4524 eius
1032 4467 1151 4542 generis
1179 4465 1423 4540 stipulationibus
1452 4473 1572 4540 praeter
1603 4481 1671 4534 eas,

329 4583 405 4640 quas
428 4584 561 4624 summus
583 4567 713 4642 regionis
737 4567 931 4642 magistratus
953 4577 1129 4644 procurator
1151 4568 1264 4626 metalli
1286 4569 1373 4626 iussu
1394 4567 1586 4643 imperatoris
1612 4567 1674 4642 (ita

330 4669 408 4726 eninr
434 4669 545 4726 lacuna
571 4669 689 4727 videtur
715 4670 848 4744 suppleri
874 4688 966 4746 posse
991 4670 1201 4746 probabiliter)
1225 4671 1256 4727 in
1278 4669 1344 4728 fisci
1366 4669 1556 4727 commodum
1579 4669 1672 4726 insti-

330 4771 427 4828 tuerit.
471 4770 559 4852 Unde
581 4772 607 4828 si
630 4781 807 4846 procurator
828 4781 934 4848 puteos
950 4773 1065 4831 metalli
1086 4773 1197 4844 vendit,
1220 4772 1300 4848 qnod
1322 4773 1395 4846 quid
1418 4771 1565 4847 significet
1586 4771 1673 4828 infra

330 4890 520 4946 quaeremus,
543 4874 716 4930 conductori
738 4894 757 4930 a
771 4875 923 4932 venditore
946 4875 1138 4932 centesimam
1155 4875 1275 4950 exigere
1297 4893 1356 4931 101
1378 4874 1474 4944 111111,
1496 4873 1583 4931 110111
1604 4874 1671 4930 sor-

330 4987 410 5032 tasse
422 4976 464 5031 'ab
480 4984 626 5050 emptore3
651 4983 810 5052 utrumque
826 4978 903 5034 enim
920 4976 1052 5053 suppleri
1067 4985 1173 5053 potest.
1216 4977 1360 5052 Alioquin
1377 4976 1521 5046 venditor,
1545 4975 1672 5034 etiamsi

331 5075 431 5132 omnia
454 5095 510 5134 sua
531 5078 562 5134 in
585 5079 722 5136 auctione
747 5079 830 5137 foras
858 5079 939 5137 dedit
966 5078 1060 5153 (quod
1084 5080 1161 5136 inter
1183 5079 1372 5136 metallorum
1396 5096 1505 5154 operas
1532 5078 1671 5136 fortasse

330 5196 391 5234 non
417 5197 485 5235 raro
511 5180 643 5255 accidit),
676 5190 775 5238 tamen
803 5181 995 5239 centesimam
1022 5179 1195 5239 conductori
1227 5189 1382 5256 praestare
1408 5177 1672 5256 cogitur,'neque

331 5278 496 5336 liberantur
523 5301 540 5337 a
568 5283 747 5340 centesimae
774 5282 923 5341 solutione
952 5303 1004 5341 eae
1031 5301 1173 5354 summac,
1201 5301 1276 5358 quas
1305 5283 1442 5340 venditor
1472 5282 1504 5340 in
1526 5282 1673 5341 auctione
