3596 6040
660 622 980 675 anrrauurounvu.
1418 607 1487 676 145

197 795 322 872 Optime
346 806 443 854 autem
465 796 543 854 idem
567 795 660 856 Ooote
683 797 807 856 meritus
836 807 880 857 est
903 797 939 854 de
961 797 1208 874 interpretatione
1230 805 1489 856 monumentorum

156 898 336 974 exiguorum
362 919 458 976 neque
486 919 554 958 vere
578 899 824 976 spernendorum.
865 898 990 958 Collatis
1014 901 1093 958 enim
1116 900 1337 958 narrationibus
1360 901 1391 957 in
1413 919 1490 957 mar·

154 1010 257 1079 tyrum
280 1003 356 1060 actis
379 1002 471 1077 (Acta
493 1004 611 1061 sincera
637 1003 683 1060 ed.
706 1003 836 1061 Ruinart
863 1003 907 1060 ed.
931 1002 963 1058 ΙΙ
985 1002 1150 1061 Amstelod.
1178 1003 1255 1060 1713
1285 1022 1314 1079 p.
1331 1001 1405 1078 300)
1429 1021 1490 1060 ser-

155 1105 243 1174 vatis,
266 1095 360 1162 veluti
382 1105 413 1162 in
437 1105 510 1163 actis
534 1104 744 1162 Maxinrilliani
767 1123 792 1161 a.
811 1104 881 1175 295,
904 1105 1027 1180 plumba
1049 1125 1085 1162 ea
1106 1123 1173 1163 0000
1196 1104 1413 1162 demonstravit
1428 1106 1490 1163 sive

155 1206 324 1282 signacula,
351 1225 428 1283 quae
451 1207 561 1266 milites
585 1227 651 1265 cum
675 1209 713 1266 ad
735 1217 954 1266 sacramentum
977 1207 1171 1284 adigebantur
1194 1207 1380 1281 accipiebant
1401 1216 1491 1284 atquc

156 1310 263 1367 deinde
285 1311 445 1384 portabant
467 1310 545 1366 collo
568 1327 725 1386 suspensa,
752 1311 866 1368 scilicet
887 1317 920 1367 ut
935 1329 1001 1366 com
1018 1309 1197 1368 sacramenti
1213 1309 1384 1368 testimonio
1400 1310 1490 1367 etiam

156 1413 313 1470 cuiusnam
335 1413 450 1470 numeri
474 1412 535 1470 sint
557 1412 665 1487 sigillis
688 1412 754 1470 istis
777 1412 989 1470 declararetur.
1033 1411 1166 1472 Nomina
1186 1411 1277 1488 igitur
1299 1430 1489 1470 numerorum

156 1514 310 1572 indolere
333 1534 352 1572 a
374 1515 494 1573 saeculo
516 1515 606 1572 tertio
629 1514 726 1572 medio
749 1515 792 1572 eis
814 1515 960 1589 inscripta
981 1515 1119 1572 videntur
1141 1533 1217 1572 esse.
1258 1515 1363 1590 ltaque
1386 1523 1490 1590 optan-

156 1617 227 1674 dum
251 1624 297 1675 est
312 1636 402 1693 quam
417 1617 558 1688 maxime,
581 1625 613 1674 ut
632 1623 770 1674 accurata
789 1616 921 1674 omnium
943 1617 1007 1674 0100
1027 1617 1145 1693 generis
1168 1627 1349 1676 tesserarum
1374 1617 1491 1693 sylloge

155 1727 279 1794 paretur
301 1731 331 1777 et
352 1719 457 1776 edatur
480 1739 497 1777 a
520 1721 616 1778 doctis
638 1719 803 1778 Britannia.
848 1718 946 1777 Extra
968 1719 1152 1777 Britanniam
1176 1737 1232 1797 ego
1259 1719 1373 1777 frustra
1395 1719 1491 1777 adhuc

155 1821 269 1880 similia
291 1822 508 1898 circumspexi3
531 1822 583 1897 qui
604 1841 793 1880 nummorum
816 1829 949 1880 veterum
972 1822 1128 1880 thesauros
1152 1829 1273 1880 servant
1295 1841 1333 1880 ex
1355 1821 1490 1898 plumbo-

154 1943 222 1982 rum
248 1942 374 1982 numero
403 1933 504 2000 spreto
531 1925 563 1982 in
590 1925 761 1982 universum
790 1931 820 1982 et
848 1925 879 1982 in
906 1923 1017 1983 ultimis
1044 1941 1214 1984 museorum
1242 1923 1361 2000 angulis
1388 1924 1490 1982 abdito

154 2027 285 2085 fortasse
308 2026 420 2085 similia
442 2045 578 2102 promere
600 2034 749 2103 poterunt.

154 2237 221 2296 129
244 2237 314 2312 (ins.
338 2245 407 2314 post
428 2237 580 2316 uitta).
626 2238 756 2296 Eboraci
778 2237 808 2295 in
831 2237 1043 2296 effossionibus
1070 2237 1137 2296 viae
1158 2237 1273 2295 ferreae
1296 2255 1323 2294 a.
1342 2236 1420 2295 1873
1443 2256 1490 2294 re·

197 2351 314 2416 partum
331 2349 378 2398 est
400 2340 531 2416 sigillum
554 2340 736 2416 plumbeum,
759 2340 841 2415 quod
861 2339 1023 2398 secundum
1045 2339 1164 2397 titulum
1187 2338 1364 2415 inscriptum
1381 2337 1419 2395 ad
1434 2339 1489 2397 mi·

197 2443 281 2502 litem
304 2443 435 2518 aliquem
457 2444 585 2520 legionis
608 2462 704 2502 nonae
726 2443 905 2520 pertinuisse
928 2442 1061 2500 credunt.

153 2545 179 2604 I.
203 2545 323 2603 Raine
346 2546 501 2621 catalogus
524 2545 619 2604 musei
641 2545 842 2604 Eburacensis
865 2544 910 2602 ed.
935 2543 978 2600 VI
1004 2541 1081 2603 1875
1106 2563 1133 2618 p.
1152 2544 1189 2602 97
1201 2563 1229 2602 a.

196 2647 333 2705 Titulum
356 2666 416 2705 non
439 2648 602 2724 adscripsit
623 2649 732 2718 edit0r;
761 2648 787 2704 si
809 2656 889 2706 recte
911 2647 1005 2704 lectus
1029 2655 1084 2716 est,
1111 2647 1229 2704 videtur
1255 2646 1409 2722 plumbum
1432 2648 1489 2704 hoc

154 2769 222 2810 0000
245 2749 489 2826 antiquissimum
512 2750 577 2808 0100
592 2750 718 2826 generis,
741 2749 823 2808 00100
839 2749 977 2825 exempla
992 2749 1088 2807 adhuc
1103 2756 1175 2806 nota
1189 2749 1343 2824 composui
1360 2749 1418 2806 vol.
1430 2748 1490 2806 VII

157 2851 247 2912 1269.

154 3063 221 3123 130
246 3063 319 3139 (100.
336 3072 447 3138 postn.
467 3062 594 3140 12940).
639 3063 672 3119 10
696 3081 771 3121 ansa
792 3063 919 3139 patellae
942 3081 1047 3121 aereae
1069 3081 1131 3138 rep.
1154 3061 1185 3118 in
1206 3059 1372 3120 Caledonia
1393 3082 1487 3140 prope

194 3166 345 3242 Aberpele,
367 3165 584 3242 Deabipbsltire.

717 3355 755 3397 CA
773 3381 900 3398 ......
910 3357 932 3398 V

715 3458 799 3500 LVAM
812 3471 818 3486 ·
832 3457 893 3501 NVS
916 3459 932 3500 F

195 3670 234 3728 H.
258 3670 294 3727 E.
320 3667 435 3728 Smitb
456 3669 643 3744 proceedlnps
671 3669 705 3742 os
727 3666 771 3724 rte
793 3667 907 3722 historie
934 3684 989 3724 000.
1013 3668 1047 3741 os
1064 3664 1249 3724 Lancoslu're
1270 3668 1330 3723 aad
1354 3665 1488 3726 Cleslrirc

155 3791 210 3831 ser.
227 3773 259 3830 II
281 3771 376 3842 0019
400 3789 428 3846 p.
446 3768 484 3826 25
508 3769 592 3844 (inde
607 3769 656 3827 W.
674 3767 731 3825 Th.
747 3767 888 3824 Watkin
912 3768 1055 3826 orcloeol.
1066 3768 1166 3840 journ.
1190 3769 1239 3839 31,
1259 3769 1337 3827 1874
1359 3789 1389 3845 p.
1402 3769 1486 3844 354).

154 3981 211 4040 131
233 3981 392 4056 (100.οοοῐ
413 4001 440 4037 n.
461 3978 587 4055 12940).
634 3979 669 4036 10
693 3995 767 4036 0000
789 3977 919 4052 patellae
942 3995 1047 4035 aereae
1069 3996 1131 4052 rep.
1154 3977 1275 4036 saeculo
1297 3979 1434 4054 proximo
1457 3978 1486 4034 in

193 4084 286 4142 fluvio
310 4082 471 4140 Withanr.

752 4235 888 4278 ewam

194 4443 414 4520 Philosoplicol
428 4446 628 4513 transactione,
643 4442 784 4518 obridped
797 4444 901 4502 edition
917 4442 976 4500 vol.
991 4442 1028 4500 18
1052 4462 1080 4518 p.
1097 4443 1135 4501 39
1156 4443 1238 4519 (inde
1254 4443 1302 4502 W.
1319 4442 1377 4501 Th.
1394 4444 1487 4501 Wat-

154 4548 215 4606 kin
239 4546 382 4606 orcbaeol.
399 4547 498 4620 joura.
523 4546 573 4616 31,
598 4543 677 4639 1874
700 4563 729 4620 p.
747 4545 831 4620 354).

154 4755 217 4814 132
241 4757 311 4832 (100.
336 4766 404 4830 post
425 4777 453 4814 n.
470 4753 573 4830 1298).
617 4754 656 4814 Ar
675 4754 766 4812 Wood
778 4756 885 4828 Eutou,
913 4756 1111 4832 chordslrire‚
1133 4775 1152 4812 a
1168 4757 1272 4812 brolcen
1289 4758 1368 4829 01000
1383 4757 1417 4829 of
1426 4754 1486 4811 tbc‘n

194 4859 287 4929 meiol,
310 4860 441 4934 stampcd
460 4858 529 4916 witlz
552 4857 596 4916 tle
619 4857 710 4916 letters

790 5011 852 5054 EDO

195 5207 233 5264 R.
257 5207 403 5282 Hussey
425 5218 543 5265 account
565 5210 599 5282 of
617 5207 661 5264 tle
683 5207 793 5264 1100000
814 5207 889 5262 rocol
903 5206 983 5278 from
1007 5203 1165 5263 Allclrecter
1187 5215 1212 5261 to
1235 5205 1485 5263 Dorclresteretc.

157 5307 291 5381 (Oxiord
311 5309 386 5368 1841
406 5309 450 5385 8.)
465 5331 493 5386 0.
509 5309 546 5367 38
564 5308 702 5384 (indeW.
716 5307 923 5367 TbWatkin
939 5307 1187 5380 archaeol.jooru.
1202 5308 1251 5378 31,
1267 5307 1344 5366 1874
1359 5329 1387 5385 0.
1400 5306 1484 5382 357).
