3620 6050
306 575 382 646 264
898 591 1042 644 sonora

302 771 360 830 hoc
381 777 428 828 est
448 767 571 828 exeunti
594 787 610 826 e
631 767 697 826 ioro
719 767 750 826 in
773 785 890 826 sacram
910 767 988 826 mam
1010 765 1129 844 proprie
1152 765 1196 824 sic
1218 763 1327 824 dictam
1348 783 1365 822 e
1386 764 1509 841 regione
1529 763 1633 840 templi

302 870 477 931 Faustinae.
521 870 569 929 his
591 869 821 929 indicationibus
837 869 997 928 concinunt
1019 870 1110 928 verba
1127 867 1208 928 vitae
1231 865 1368 928 Salonini
1392 884 1416 924 o.
1436 868 1448 923 1
1474 885 1493 923 a
1507 866 1634 924 Momm-

305 991 377 1033 seno
399 975 550 1032 restituta:
567 973 630 1046 suit
650 980 745 1032 statua
766 976 796 1030 in
815 973 888 1048 pede
908 975 1011 1030 montis
1030 971 1162 1030 Romulei
1183 971 1235 1029 loc
1257 979 1400 1028 estante
1421 987 1535 1027 sacram
1556 971 1633 1027 aiam

301 1079 394 1135 inter
415 1075 545 1152 templum
573 1074 731 1133 Faustinae
756 1093 796 1133 ac
820 1075 943 1134 Vestae
969 1076 1010 1132 ad
1034 1092 1132 1133 arcum
1159 1072 1319 1130 Fabianum
1347 1071 1417 1147 (nisi
1445 1073 1524 1149 quod
1545 1091 1632 1150 prae-

302 1178 421 1236 tulerim
453 1197 488 1236 ac
516 1177 644 1247 Vestam,
676 1183 709 1234 ut
740 1176 804 1235 dixi
837 1177 1011 1236 Jahresber.
1036 1175 1115 1234 1871
1147 1196 1177 1251 p.
1194 1174 1267 1233 775:
1301 1175 1417 1232 codices
1449 1177 1527 1232 intra
1561 1183 1579 1233 t.
1603 1177 1632 1250 s.

302 1279 478 1356 aduentam),
507 1279 558 1337 ubi
586 1290 710 1356 apparet
736 1289 817 1337 ante
838 1297 951 1338 sacram
976 1282 1052 1336 aiam
1078 1277 1176 1336 locum
1203 1277 1326 1335 eundem
1354 1276 1521 1352 significare
1543 1295 1633 1353 quem

297 1393 381 1458 past
401 1383 531 1458 templum
564 1382 690 1440 Castora
717 1381 795 1439 dixit
821 1381 985 1440 scholiasta
1012 1379 1116 1439 Tullii.
1160 1380 1207 1438 his
1236 1380 1352 1438 demum
1379 1379 1558 1438 testimoniis
1589 1381 1634 1438 ita

301 1491 334 1542 ut
360 1485 471 1542 factum
498 1484 643 1542 enarratis
671 1493 796 1559 apparet
818 1481 991 1542 Ciceronem
1019 1483 1050 1540 in
1071 1481 1237 1541 Planciana
1259 1482 1288 1553 7,
1313 1481 1350 1538 17
1372 1481 1506 1540 voluisse
1528 1499 1633 1542 sacrae

301 1585 368 1644 viae
401 1594 481 1644 totae
515 1587 644 1663 spatium
678 1586 801 1644 definire
835 1604 967 1644 summae
993 1603 1095 1644 sacrae
1122 1585 1188 1643 viae
1216 1583 1281 1658 (ubi
1307 1592 1414 1659 postea
1439 1601 1525 1642 arcus
1553 1584 1631 1661 Titi)

301 1697 390 1764 atque
416 1687 539 1746 fornicis
562 1687 690 1746 Fabiani
713 1689 1000 1746 commemoratione.
1044 1687 1223 1764 relinquitur
1249 1687 1329 1762 quod
1354 1687 1476 1765 negotia
1501 1687 1633 1746 facessat

301 1809 391 1848 unum
418 1791 621 1850 testimonium
649 1790 831 1848 scholiastae
856 1790 956 1848 Persii
979 1789 1007 1862 6,
1024 1789 1078 1848 49:
1103 1789 1203 1865 puteal
1224 1788 1372 1848 Scribonia
1393 1787 1505 1847 Licinii
1532 1799 1574 1848 est
1601 1793 1632 1848 in

296 1896 412 1969 porticu
434 1893 515 1952 Iulia
537 1895 577 1951 ad
596 1893 761 1952 Fabianum
783 1877 890 1952 arcum.
934 1891 1035 1968 puteal
1062 1891 1191 1951 creditur
1217 1908 1284 1950 esse
1312 1891 1343 1949 id
1371 1890 1450 1966 quod
1476 1891 1509 1949 in
1534 1891 1631 1952 forma

300 2013 336 2052 eo
362 1995 481 2054 nomine
502 1995 643 2071 insignivi
667 1996 777 2071 (quode
798 1995 935 2072 pluribus
960 1995 1069 2053 dictum
1095 1994 1197 2053 Herm.
1215 1995 1242 2066 7,
1260 1991 1319 2052 285
1341 1993 1514 2052 labresber.
1540 1994 1631 2066 1875,

301 2097 389 2172 755):
413 2117 491 2174 quae
513 2097 684 2156 coniectura
705 2097 821 2155 etiamsi
843 2097 922 2156 falsa
945 2107 1033 2169 esset,
1056 2105 1155 2155 tamen
1177 2097 1216 2154 ob
1238 2103 1401 2154 ceterorum
1423 2097 1542 2154 testium
1564 2097 1630 2154 lau·

300 2199 436 2258 datorum
459 2217 635 2258 consensum
652 2210 763 2258 certum
786 2208 867 2257 esset
887 2199 1035 2276 porticum
1056 2199 1139 2257 illam
1155 2197 1264 2256 Iuliam
1280 2215 1347 2256 esse
1368 2217 1428 2257 non
1450 2215 1539 2275 posse
1561 2217 1631 2276 por-

298 2303 390 2360 ticum
412 2301 554 2360 basilicae
569 2302 679 2374 Iuliae3
702 2301 812 2360 falsum
833 2302 926 2378 igitur
948 2319 1014 2360 esse
1036 2302 1117 2377 quod
1138 2301 1234 2360 visum
1255 2299 1357 2359 Rosae
1379 2300 1507 2376 aliisque
1528 2320 1631 2360 arcum

299 2405 419 2462 stetisse
440 2404 606 2482 in‘angnlo
627 2404 770 2462 basilicae
792 2403 888 2462 Iuliae
910 2423 945 2461 eo
968 2404 1018 2480 qui
1040 2401 1179 2462 Castoris
1205 2403 1315 2480 templo
1339 2422 1354 2460 e
1376 2403 1496 2479 regione
1518 2404 1600 2481 est(
1621 2448 1629 2463 .

299 2506 471 2564 Jahresber.
487 2527 517 2583 p.
535 2506 618 2581 775).
656 2523 724 2564 esse
739 2525 805 2563 eam
820 2506 966 2582 porticum
982 2506 1066 2564 aedis
1082 2505 1142 2564 divi
1157 2505 1236 2578 Iulii,
1259 2505 1337 2581 quod
1353 2504 1488 2564 Beckero
1502 2506 1631 2584 aliisque

297 2609 402 2680 visum,
425 2627 491 2666 eam
514 2617 593 2667 certe
616 2608 831 2667 dubitationem
846 2616 946 2666 movet
967 2608 1048 2684 quod
1068 2608 1100 2665 in
1122 2607 1222 2686 platea
1242 2626 1319 2683 quae
1342 2607 1425 2666 aedis
1447 2608 1536 2666 huius
1558 2609 1629 2667 sub·

298 2711 491 2769 structionem
521 2711 711 2786 superstitem
744 2711 845 2782 ambit,
881 2711 964 2768 nulla
999 2711 1132 2786 porticus
1161 2709 1288 2786 vestigia
1320 2728 1520 2785 comparuere.
1574 2711 1629 2770 sed

297 2812 386 2871 huius
407 2812 523 2888 plateae
544 2833 580 2870 ea
598 2822 645 2871 est
661 2813 798 2872 condicio
821 2822 854 2871 ut
875 2821 938 2870 tota
958 2812 1095 2870 barbaris
1110 2812 1245 2870 manibus
1260 2811 1396 2870 videatur
1416 2813 1631 2872 transformata

297 2932 374 2974 esse.
397 2917 494 2973 —ab
527 2915 659 2992 antiquis
692 2915 871 2974 testimoniis
904 2914 1116 2974 transeundum
1150 2915 1187 2972 ad
1219 2915 1393 2972 memoriam
1424 2917 1630 2974 narrationum

298 3018 334 3074 de
367 3017 462 3074 titulis
486 3015 649 3075 Fabiorum
672 3035 718 3076 aa.
744 3017 823 3076 1546
853 3024 883 3075 et
912 3017 962 3094 qui
990 3017 1209 3093 praecedebant
1234 3028 1305 3094 post
1329 3017 1473 3075 Rossium
1499 3019 1630 3078 breviter

297 3119 542 3178 examinandam:
565 3119 618 3178 vix
640 3120 718 3177 enirn
740 3121 837 3178 habeo
856 3120 936 3195 quod
957 3119 1095 3197 egregiae
1117 3120 1182 3178 eius
1198 3119 1391 3196 disputationi
1414 3119 1531 3178 addam.
1575 3121 1629 3178 do-

297 3221 359 3279 cuit
384 3221 477 3298 igitur
505 3221 634 3299 primum
661 3222 766 3280 titulos
793 3223 832 3294 A,
858 3222 928 3280 dein
951 3223 981 3279 B
1003 3222 1106 3290 eodem
1133 3221 1195 3280 fere
1221 3241 1237 3280 e
1263 3221 1330 3280 loco
1355 3231 1522 3299 protractos
1544 3241 1628 3283 esse:

297 3342 385 3400 quem
406 3324 505 3381 locum
528 3341 597 3382 esse
619 3343 635 3382 e
657 3325 779 3401 regione
805 3323 907 3399 templi
929 3323 1093 3382 Faustinae
1114 3341 1219 3382 versus
1241 3323 1414 3382 Palatinum
1440 3335 1571 3384 montem
1599 3335 1629 3385 et

296 3434 358 3484 tres
381 3425 549 3498 columnas3
580 3426 713 3484 Palatini
740 3427 819 3484 enim
845 3427 982 3484 viciniam
1009 3426 1208 3485 demonstrari
1234 3435 1295 3484 tam
1322 3427 1435 3484 codicis
1463 3427 1629 3486 Metelliani

299 3529 336 3586 de
358 3528 454 3586 titulis
478 3528 506 3584 Α
528 3529 699 3587 testimonio
721 3529 834 3587 diserto
857 3547 948 3604 quam
970 3530 1082 3587 codicis
1104 3528 1270 3586 Manutiani
1296 3527 1332 3585 de
1358 3529 1454 3587 titulis
1476 3529 1505 3587 B
1527 3531 1628 3590 verbis

296 3631 343 3687 his
364 3633 394 3687 in
413 3634 536 3702 comiti03
561 3631 704 3690 creditum
728 3632 806 3688 enim
829 3649 896 3690 esse
918 3650 954 3690 ea
974 3640 1150 3708 tempestate
1172 3631 1322 3690 comitium
1344 3631 1495 3690 radicibus
1516 3632 1629 3692 Palatii

296 3733 426 3791 vicinum
449 3751 518 3792 esse
533 3732 577 3810 (p.
594 3733 679 3809 323).
724 3743 812 3809 atque
834 3735 890 3792 hoc
905 3733 1024 3810 quidem
1048 3751 1120 3791 sane
1140 3741 1227 3792 extra
1244 3735 1480 3794 controversiam
1494 3735 1627 3810 positum

296 3843 350 3892 est.
404 3855 473 3892 uam
507 3854 572 3893 cum
605 3836 716 3894 comitii
749 3837 893 3894 memoria
925 3847 994 3912 post
1024 3836 1177 3894 interitum
1212 3835 1328 3913 imperii
1360 3837 1475 3894 romani
1508 3838 1628 3913 penitus

296 3939 430 3995 extincta
452 3939 500 4010 sit,
528 3938 571 3996 ita
597 3947 628 3996 ut
655 3957 692 3995 ne
714 3939 744 3994 in
767 3938 949 3997 Mirabilium
972 3940 1090 4014 quidem
1118 3939 1196 3996 libro
1219 3939 1345 4016 eiusque
1367 3940 1539 3998 commentis
1562 3957 1628 3999 sae·

296 4039 363 4098 culo
385 4039 462 4098 XIV
489 4041 609 4118 scriptis
637 4059 744 4098 nornen
771 4041 835 4098 eius
861 4041 1096 4117 redintegratum
1123 4043 1172 4113 sit,
1200 4041 1314 4117 primus
1340 4050 1374 4099 ut
1400 4040 1517 4100 videtur
1538 4042 1628 4100 Blou-

296 4141 352 4200 dus
378 4141 502 4200 Flavius
528 4142 643 4201 Romae
670 4144 740 4201 inst.
763 4141 791 4214 2,
813 4141 851 4200 72
868 4161 908 4201 se.
939 4141 1152 4202 Graecostasin
1178 4147 1209 4201 in
1234 4147 1336 4202 montis
1362 4143 1496 4202 Palatini
1521 4144 1627 4220 angulo

296 4253 395 4307 contra
416 4243 558 4302 Antonini
578 4254 605 4302 et
627 4245 785 4304 Faustinae
806 4249 904 4303 uaeris
930 4246 1034 4318 fuisse,
1062 4246 1214 4304 comitium
1241 4254 1340 4304 autem
1366 4249 1396 4303 in
1417 4249 1487 4321 foro
1509 4264 1627 4306 romano

295 4351 369 4404 inter
396 4349 498 4403 turrim
524 4364 597 4422 qnae
616 4347 773 4405 Pallara
800 4347 967 4424 appellatur
993 4357 1020 4405 at
1045 4348 1126 4407 lacus
1153 4345 1247 4406 Curtii
1272 4349 1362 4407 lacum
1384 4346 1486 4423 (quem
1509 4349 1630 4407 dixerat

296 4467 312 4504 e
339 4447 462 4524 regione
487 4466 553 4506 esse
580 4445 636 4508 SS.
664 4446 794 4508 Cosmae
822 4460 852 4508 et
877 4450 1018 4508 Damiani
1046 4450 1199 4526 templum,
1226 4451 1364 4526 collisque
1390 4450 1519 4509 Palatini
1546 4470 1628 4526 quem

288 4553 358 4626 soro
381 4553 525 4608 imminere
546 4553 673 4610 videmus
693 4553 808 4610 radicas
830 4563 857 4611 et
876 4553 1036 4609 Faustinae
1056 4563 1241 4611 monumenta.
1284 4553 1389 4610 turrim
1411 4552 1494 4609 illam
1517 4551 1627 4611 dictam

296 4653 426 4711 Pallara
446 4653 542 4712 fuisse
557 4653 595 4711 ad
619 4672 642 4712 s.
658 4654 773 4712 Mariae
795 4655 824 4711 in
842 4654 963 4712 Pallara
984 4655 1151 4727 ecclesiam,
1173 4673 1249 4730 quae
1270 4654 1327 4712 fuit
1348 4655 1378 4712 in
1394 4654 1514 4712 Palatio
1532 4674 1627 4733 prope

296 4774 397 4813 arcum
421 4755 483 4813 Titi
507 4755 548 4832 (v.
565 4755 643 4834 Top.
662 4753 788 4832 2509),
817 4757 890 4814 satis
916 4764 1030 4814 certum
1057 4756 1184 4815 videtur.
1229 4775 1264 4814 ac
1286 4756 1323 4814 de
1343 4754 1537 4814 Graecostasi
1560 4759 1627 4833 qui-

296 4857 362 4914 dem
389 4858 543 4932 persuasit
564 4859 733 4916 Albertinio
761 4859 781 4915 f.
798 4858 923 4916 1111111ῐ
948 4859 995 4916 ed.
1018 4859 1094 4916 Maz.
1118 4867 1149 4916 at
1176 4877 1252 4935 quae
1279 4858 1381 4916 eodem
1409 4876 1467 4934 quo
1489 4857 1626 4917 Blondus

295 4966 430 5033 tempore
455 4959 591 5037 Poggius
619 4961 738 5036 scripsit
764 4960 801 5018 de
821 4980 885 5019 var.
907 4961 1046 5020 fortunae
1068 4961 1141 5019 libl
1167 4981 1195 5038 p.
1213 4960 1249 5018 21
1276 4959 1335 5036 (ed.
1357 4960 1455 5018 Paris.
1478 4979 1505 5018 a.
1532 4959 1625 5037 1723)

296 5073 334 5117 ex
361 5067 445 5134 parte
471 5072 585 5119 tantum
613 5061 766 5139 intellego:
795 5065 897 5137 sorum
924 5081 992 5122 esse
1016 5081 1167 5140 porcorum
1195 5063 1416 5140 bubalorumque
1441 5063 1624 5121 diversorium

297 5165 436 5220 comitium
458 5165 584 5222 serendis
607 5165 730 5223 oleribus
752 5165 864 5224 cultum.
908 5175 984 5224 catat
1009 5176 1100 5225 tamen
1128 5167 1234 5224 comitii
1250 5170 1347 5242 portio
1370 5167 1512 5242 quaedam
1532 5184 1623 5224 maro·

295 5280 358 5319 ram
379 5266 486 5339 insigni
505 5273 661 5337 structura,
690 5269 721 5324 in
742 5268 844 5343 quibas
866 5269 960 5328 adbuc
982 5270 1038 5326 duo
1060 5272 1145 5345 signa
1165 5285 1326 5327 marmorea
1347 5277 1446 5344 togata
1466 5271 1496 5326 in
1517 5286 1621 5327 samma
