3620 6050
377 569 453 645 254
969 589 1114 644 JORDAN

377 767 496 843 aliaque
517 773 711 825 monumenta
731 765 849 842 publice
865 767 966 842 posita
987 784 1055 824 esse
1078 766 1254 842 (dequibus
1272 765 1507 827 v.Detlefsenus
1528 767 1604 826 Anu.
1622 767 1693 826 1860

374 888 404 946 p.
422 869 480 928 138
493 868 550 945 ss.)
577 869 715 944 idemque
736 868 847 928 1111111
878 869 989 926 eisdem
1017 868 1173 927 translatis
1196 887 1223 928 a.
1240 868 1310 940 710,
1343 887 1402 946 qua
1427 869 1464 928 de
1491 889 1524 929 re
1555 879 1622 930 ante
1651 890 1693 930 me

376 970 629 1046 (1111111111875
650 990 679 1048 p.
698 970 826 1044 14611.)
849 970 935 1029 video
955 977 1035 1030 recte
1057 971 1206 1030 iudicasse
1221 970 1387 1030 Braunium
1403 973 1611 1032 dissertatione
1631 980 1695 1048 post

376 1082 500 1132 mortem
525 1074 589 1132 eius
610 1073 690 1131 edita
712 1072 876 1149 (Philologi
892 1071 994 1150 Suppl.
1020 1071 1149 1149 1415).
1192 1081 1307 1150 partem
1329 1091 1430 1132 eorum
1446 1081 1696 1134 monumentorum

374 1193 452 1251 quae
473 1175 505 1234 in
527 1175 633 1234 rostris
655 1175 806 1234 veteribus
830 1183 976 1234 steterunt
996 1176 1136 1236 interisse
1158 1183 1250 1236 testes
1273 1183 1344 1236 sunt
1361 1178 1512 1237 Asconius
1527 1177 1695 1254 Pliniusque

374 1279 476 1354 quiea
496 1273 617 1336 ‘luisse’
639 1277 681 1336 ibi
696 1285 852 1350 testantur,
873 1287 999 1355 partem,
1022 1278 1112 1337 veluti
1129 1287 1244 1338 statuas
1261 1277 1362 1340 Sullae
1378 1289 1408 1338 et
1421 1279 1546 1356 Pompei
1562 1288 1695 1340 statuam·

375 1399 434 1455 que
457 1379 511 1439 Cn.
536 1379 654 1439 Octavii
675 1382 706 1439 in
729 1380 815 1440 novis
837 1382 945 1440 rostris
966 1413 1007 1422 —
1029 1400 1106 1457 quae
1128 1401 1199 1442 cave
1232 1401 1269 1440 ne
1297 1390 1382 1457 putes
1409 1400 1477 1440 esse
1499 1395 1599 1442 rostra
1620 1382 1694 1442 aedis

374 1483 436 1541 divi
468 1483 536 1541 Iulii
560 1484 613 1542 sed
634 1503 670 1541 ea
701 1483 770 1560 ipsa
791 1483 827 1542 de
849 1484 958 1559 quibus
992 1488 1109 1561 agimus
1132 1484 1169 1542 ad
1202 1484 1284 1544 latus
1306 1502 1393 1542 arcus
1418 1483 1521 1544 Severi
1543 1519 1584 1529 —
1606 1485 1694 1543 denuo

373 1585 534 1644 collocatas
557 1603 624 1644 esse
646 1586 783 1644 audimus
806 1585 857 1660 (11.
873 1585 1013 1644 Jahresb.
1029 1604 1058 1661 p.
1077 1585 1161 1660 747).
1204 1585 1298 1644 111111
1320 1586 1398 1645 inter
1414 1588 1487 1646 haec
1509 1594 1695 1646 monumenta

374 1687 542 1746 columnam
564 1695 725 1746 rostratam
748 1687 950 1758 Duelliauam,
983 1706 1109 1764 eamque
1140 1695 1301 1765 postquam
1333 1689 1516 1766 nescioquo
1545 1690 1609 1748 fato
1630 1707 1694 1746 mox

374 1790 521 1850 interierit
543 1791 607 1852 sive
628 1791 761 1869 Augusti
792 1790 964 1867 principatu
997 1791 1061 1849 sive
1084 1787 1204 1848 Claudii
1225 1823 1266 1832 —
1289 1798 1387 1849 utrum
1422 1792 1500 1850 enim
1526 1812 1629 1851 verum
1660 1791 1695 1848 sit

373 1893 431 1951 hoc
452 1893 519 1952 loco
540 1893 684 1952 mittimus
707 1911 850 1968 quaerere
865 1925 904 1935 —
920 1894 1090 1952 restitutam
1111 1910 1178 1952 esse
1201 1899 1320 1952 constat
1340 1894 1511 1954 testimonio
1533 1895 1694 1954 certissimo

374 1993 470 2055 Servii
492 1995 524 2054 in
544 1993 830 2072 (1111119111
852 1995 956 2072 procul
978 1996 1067 2054 abeo
1088 1995 1156 2054 loco
1180 1995 1285 2071 (immo
1307 1995 1332 2054 11
1354 1997 1427 2072 quid
1447 1996 1591 2074 ponderis
1612 1996 1696 2053 babet

372 2099 577 2158 testimonium
593 2096 834 2171 Giacconianum‚
857 2097 1006 2173 proxime)
1028 2099 1150 2157 inventa
1168 2109 1214 2157 est
1232 2097 1313 2158 basis
1337 2107 1490 2174 superstes
1513 2099 1556 2174 (v.
1572 2118 1602 2157 n.
1620 2096 1695 2172 127).

373 2201 426 2260 sed
458 2221 561 2261 eorum
589 2219 706 2278 quoque
739 2219 814 2277 quae
842 2220 859 2258 e
888 2200 1040 2260 veteribus
1072 2201 1104 2259 in
1132 2219 1210 2259 nova
1242 2209 1341 2259 rostra
1369 2202 1517 2262 translata
1546 2208 1617 2260 1111
1643 2217 1697 2256 111

371 2313 496 2380 potuere
525 2322 585 2362 non
607 2303 751 2380 pleraque
778 2323 814 2362 ea
839 2311 1016 2378 tempestate
1042 2304 1152 2362 auferri
1174 2322 1234 2379 quo
1260 2303 1348 2362 novis
1370 2323 1407 2363 ea
1428 2303 1612 2363 ornamentis
1633 2319 1696 2360 oon·

371 2406 512 2466 decorare
532 2406 628 2466 libuit.
672 2425 728 2464 nec
749 2407 857 2464 desunt
878 2405 1059 2464 testimonia.
1103 2424 1173 2464 nam
1200 2424 1255 2464 nec
1282 2407 1361 2465 ullus
1382 2407 1426 2465 ibi
1450 2413 1571 2482 praeter
1592 2404 1697 2463 colum·

370 2528 439 2568 nam
461 2509 629 2568 restitutam
652 2509 756 2568 titulus
778 2508 890 2568 liberae
912 2509 955 2566 rei
976 2508 1113 2586 publicae
1135 2508 1274 2568 inventus
1296 2518 1344 2568 est
1370 2519 1399 2566 et
1420 2509 1562 2568 novimus
1591 2513 1697 2566 statuas

370 2615 401 2668 ia
421 2615 523 2670 rostris
545 2612 660 2688 positas
682 2611 896 2688 imperatorum
918 2612 1052 2688 Augusti
1074 2609 1116 2686 (v.
1139 2611 1231 2687 infra)
1253 2620 1284 2670 et
1306 2608 1426 2670 Claudii
1449 2611 1601 2686 (Pollione
1629 2617 1697 2669 11111

373 2711 494 2772 Claudii
516 2733 541 2772 1.
558 2713 591 2789 3)
614 2722 643 2772 11
659 2712 846 2786 Stilichonis,
873 2714 958 2772 cuius
980 2714 1067 2772 basin
1089 2713 1159 2772 lieet
1181 2733 1239 2790 quo
1261 2714 1328 2772 loco
1350 2723 1468 2790 reperta
1489 2713 1529 2771 sit
1550 2715 1699 2791 ignoretur

373 2825 471 2876 tamen
492 2816 523 2875 in
544 2818 652 2876 rostris
670 2817 743 2874 olim
765 2834 832 2875 esse
853 2816 1031 2876 collocatam
1052 2815 1149 2890 ipsius
1171 2816 1251 2874 tituli
1267 2817 1361 2876 verba
1381 2816 1591 2875 demonstrant
1612 2813 1697 2891 (Syll.

371 2937 400 2976 n.
419 2920 499 2977 illa
515 2963 522 2978 .
537 2961 544 2977 .
561 2929 685 2977 statuam
705 2922 735 2976 iu
756 2922 877 2978 reatris.
895 2963 902 2976 .
919 2961 926 2976 .
944 2919 1094 2977 locandam
1116 2919 1237 2978 demerit
1252 2963 1259 2977 .
1276 2961 1282 2976 .
1300 2939 1326 2977 a.
1350 2918 1439 2994 406):
1468 2919 1596 2978 alteram
1624 2917 1698 2995 posi·
1785 2971 1786 2989 ,

370 3029 431 3078 tam
454 3022 550 3080 eidem
571 3023 649 3080 inter
671 3039 766 3080 annos
790 3021 994 3095 39811400,
1021 3022 1104 3081 cuius
1127 3022 1211 3080 basis
1237 3019 1317 3079 'ante
1346 3021 1449 3078 aedem
1473 3019 1528 3082 SS.
1554 3019 1652 3097 Sergii
1672 3026 1698 3077 et

370 3120 496 3184 Bacchi'
528 3131 647 3202 reperta
678 3133 735 3197 est,
769 3133 868 3182 utrum
901 3124 975 3199 ipsis
1007 3125 1114 3184 rostris
1146 3125 1288 3202 imposita
1315 3124 1405 3183 fuerit
1431 3143 1469 3182 an
1496 3123 1585 3181 iuxta
1605 3128 1698 3180 rostra

370 3229 488 3286 steterit
516 3227 673 3286 nescimus.
717 3226 844 3302 denique
870 3246 886 3284 e
915 3233 959 3284 tot
987 3227 1083 3286 titulis
1111 3227 1282 3285 honorariis
1315 3244 1408 3302 prope
1440 3232 1539 3284 rostra
1573 3224 1696 3284 inventis

369 3348 430 3388 non
452 3330 553 3388 nullos
580 3347 647 3389 1111
670 3338 835 3388 statuarum
860 3329 892 3386 in
918 3329 1026 3386 rostris
1053 3329 1221 3406 positarum
1248 3329 1418 3388 coniectura
1443 3327 1524 3386 haud
1551 3327 1696 3406 improba·
1784 3309 1785 3337 r

370 3432 422 3490 bili
443 3432 530 3490 nobis
552 3433 688 3490 videmur
710 3439 848 3490 statuere.
893 3431 947 3490 sed
968 3439 1123 3506 praeterea
1144 3431 1240 3490 eidem
1262 3431 1329 3489 loco
1351 3430 1566 3488 vindicaverim
1589 3437 1696 3489 1111111

371 3535 444 3592 duas
471 3552 546 3610 quas
569 3532 719 3593 Gabinius
741 3534 860 3593 Vettius
882 3533 1051 3592 Probianus
1073 3534 1242 3610 praefectus
1268 3533 1351 3591 urbis
1374 3552 1401 3590 1.
1419 3531 1477 3590 377
1494 3533 1593 3608 fatali
1613 3547 1695 3589 aeca-

370 3639 453 3696 sitate
489 3636 641 3696 conlabsas
682 3636 902 3694 celeberrimo
942 3636 1039 3694 urbis
1079 3637 1154 3693 loeo
1195 3635 1323 3694 adbibita
1363 3635 1514 3710 dilipeutia
1556 3635 1696 3710 reparavit
1783 3635 1784 3687 i

371 3739 415 3814 (n.
433 3739 481 3797 77.
499 3738 562 3814 78).
607 3756 681 3815 quas
710 3740 797 3798 bases
824 3738 962 3796 inventas
989 3745 1058 3796 1111
1084 3737 1188 3796 aedem
1210 3737 1375 3796 Faustinae
1401 3756 1453 3795 cur
1479 3736 1594 3796 Petrus
1620 3735 1696 3794 Rosa

367 3841 399 3897 in
421 3841 548 3902 basilica
568 3841 648 3900 Iulia
669 3859 764 3917 nuper
785 3841 872 3917 quasi
894 3839 936 3896 ibi
959 3839 1031 3897 olim
1054 3840 1226 3898 extitissent
1246 3839 1449 3912 collocaverit,
1478 3838 1618 3915 equidem
1641 3854 1695 3894 non
1782 3883 1783 3890 ,

371 3960 526 4020 assequor.
569 3963 665 4020 neque
692 3944 771 4001 euim
798 3941 860 4000 ulla
886 3959 978 4000 11111
1003 3948 1104 4019 potest
1130 3941 1254 4020 cogitari
1282 3961 1334 4000 cur
1361 3940 1404 4000 eis
1433 3959 1494 3998 non
1515 3936 1696 4016 inscripserit

369 4063 406 4102 ea
427 4047 519 4104 verba
546 4064 624 4121 quae
652 4045 805 4120 inscripsit
834 4043 941 4102 statuis
974 4044 1016 4102 ibi
1049 4043 1152 4102 eodem
1179 4062 1257 4101 anuo
1284 4043 1448 4101 conlocatis
1476 4051 1603 4102 statuam
1630 4056 1696 4115 puae

370 4147 505 4206 basilicae
526 4148 622 4206 Iuliae
643 4167 662 4205 a
684 4149 844 4206 tenaciter
869 4155 1025 4222 reparatae
1051 4156 1212 4204 ornamento
1239 4154 1311 4205 esset
1338 4147 1446 4204 adiecit
1471 4143 1516 4219 (n.
1533 4142 1573 4202 28
1587 4175 1624 4188 -—
1638 4139 1694 4214 31).
1781 4131 1782 4158 ³

369 4268 457 4325 quem
491 4249 581 4325 igitur
613 4249 692 4308 dixit
723 4249 821 4307 locum
853 4248 936 4307 urbis
970 4248 1211 4320 celeberrimum,
1249 4267 1316 4306 eum
1347 4247 1400 4306 vix
1431 4247 1603 4324 putaverim
1634 4259 1695 4301 esse

368 4351 468 4410 forum
493 4370 658 4424 romanum,
688 4369 791 4410 verum
812 4358 920 4410 rostra.
964 4349 1160 4427 nequeenim
1182 4366 1254 4408 casu
1282 4349 1390 4408 accidit
1411 4357 1444 4406 ut
1466 4349 1616 4408 similibus
1637 4365 1695 4404 ver-

369 4453 415 4512 bis
444 4453 624 4530 aliquotiens
651 4453 864 4530 signifieentur‚
897 4452 979 4510 velut
999 4453 1079 4530 apud
1100 4452 1234 4510 Plinium
1257 4451 1322 4527 (34,
1343 4449 1396 4526 24)
1419 4460 1534 4510 senatus
1558 4445 1695 4526 ((11.01-

368 4555 464 4632 tavio)
484 4566 610 4616 statuam
627 4559 700 4632 poni
721 4559 806 4614 iussit
827 4574 913 4631 quam
938 4556 1132 4614 oculatissimo
1162 4555 1221 4613 loco
1250 4573 1338 4630 eaque
1364 4563 1407 4612 est
1430 4556 1596 4622 incastris,
1623 4546 1693 4626 apud

369 4659 563 4718 Ammianum
584 4658 698 4729 16,10‚
717 4658 753 4716 13
778 4677 840 4715 cum
861 4661 983 4716 acuisset
1004 4660 1045 4716 ad
1065 4666 1172 4728 rostra,
1190 4659 1449 4734 perspectissimum
1467 4657 1585 4730 priscae
1602 4662 1693 4730 poim-

370 4763 425 4818 tiae
455 4761 564 4819 locum
593 4759 676 4834 (uam
703 4760 747 4818 ita
774 4759 961 4818 scribendum
990 4779 1046 4837 pro
1074 4777 1109 4817 eo
1131 4759 1212 4835 quod
1240 4758 1308 4816 libri
1331 4758 1443 4816 habent
1457 4757 1583 4832 sorum).
1626 4752 1693 4812 adde
1779 4771 1780 4774 ¹

368 4861 449 4936 quod
473 4865 503 4920 iu
525 4862 708 4922 cerebcrrimo
730 4861 803 4937 (sic)
824 4865 890 4938 sori
912 4863 972 4922 loco
994 4863 1087 4920 verba
1114 4861 1194 4920 tituli
1216 4859 1400 4920 Veronensis
1423 4857 1492 4918 CIL
1515 4858 1543 4930 5,
1570 4859 1598 4929 1,
1621 4850 1693 4938 3331

369 4963 406 5018 ad
441 4973 540 5022 rostra
571 4963 734 5041 municipii,
763 4963 800 5022 de
832 4965 942 5040 quibus
971 4964 1051 5022 infra
1076 4963 1182 5034 dicam,
1210 4961 1364 5022 referenda
1385 4970 1465 5034 suut,
1487 4960 1626 5037 quodque
1646 4957 1694 5013 im-

367 5073 522 5139 peratores
552 5065 743 5126 Theodosius
777 5075 805 5124 et
829 5065 979 5126 Arcadius
1006 5065 1218 5124 Alexandreae
1252 5073 1382 5124 statuam
1413 5063 1540 5122 Materni
1576 5055 1694 5137 cynegii

367 5167 510 5241 praelecti
532 5169 685 5244 praetorio
707 5188 761 5246 per
784 5166 938 5228 Orientem
962 5167 1004 5244 (a.
1028 5166 1207 5242 sss-389)
1234 5170 1265 5224 iu
1287 5167 1383 5225 eadem
1408 5165 1562 5241 splendida
1584 5162 1650 5221 urbe
1665 5198 1691 5216 .-

371 5266 446 5326 loco
479 5269 704 5328 celeberrimo
738 5273 869 5330 constitui
901 5269 1092 5345 collocarique
1122 5273 1269 5330 iusserunt
1300 5265 1568 5344 (01L3,1‚19):
1601 5265 1694 5340 potest
