3620 6050
509 637 557 686 ua
584 637 812 688 unanimous
839 637 1129 690 nvurrsrnmavs.
1406 621 1478 692 227

148 835 238 892 quam
272 815 380 874 mirum
414 815 544 872 fortasse
570 812 729 882 videbitur,
762 812 827 870 fleri
853 821 952 872 tamen
986 821 1065 870 certe
1091 813 1232 890 potuitl).
1282 811 1481 873 Confirmatur

147 928 245 976 autom
267 919 342 976 haec
364 916 552 974 ratiocinatio
575 933 611 972 ea
632 934 663 972 re
686 915 767 990 quod
789 934 815 972 a.
842 915 900 972 186
924 913 958 974 Ο.
978 915 1104 974 Matium
1128 913 1276 974 Sullinum
1299 935 1315 972 e
1338 917 1481 976 saliorum

146 1021 273 1097 collegio
295 1020 409 1078 exiisse
430 1020 461 1075 in
483 1018 569 1076 fastis
591 1017 732 1092 legimus;
757 1035 845 1092 quem
864 1015 1010 1076 Sullinum
1032 1017 1181 1075 flaminem
1200 1018 1348 1076 Iulianum
1370 1020 1480 1078 factum

147 1141 217 1182 esse
240 1121 347 1180 titulus
364 1119 565 1180 Gemonensis
587 1137 680 1195 supra
702 1137 730 1194 p.
748 1117 807 1176 225
831 1120 943 1178 relatus
966 1121 1062 1178 docet.
1107 1119 1298 1196 Quamquam
1314 1123 1421 1180 mirum
1437 1132 1482 1179 est

145 1225 177 1283 in
203 1225 292 1282 fastis
319 1224 438 1300 collegii
467 1223 505 1280 ad
533 1224 624 1281 verba
650 1225 679 1278 in
702 1221 793 1278 locum
818 1222 848 1281 0.
871 1221 958 1280 Multi
981 1221 1092 1280 Sulliru'
1120 1242 1180 1281 uon
1207 1223 1391 1300 adscriptum
1414 1241 1481 1282 esse

147 1327 329 1385 vocabulum
345 1328 484 1402 flaminis.

231 1430 296 1487 Iam
320 1428 556 1486 demonstratum
579 1443 647 1485 esse
670 1434 742 1501 puto
757 1425 871 1484 Romae
888 1429 1022 1486 flamines
1045 1428 1183 1486 divorum
1204 1447 1265 1486 non
1288 1448 1304 1486 e
1327 1428 1481 1486 sodalibus

147 1549 215 1589 esse
246 1531 370 1600 eleetos,
401 1529 453 1587 sed
483 1529 621 1606 proprios
652 1547 688 1586 ao
718 1529 884 1604 singulares
913 1530 1006 1589 fuisso
1036 1531 1216 1589 sacerdotes.
1267 1529 1386 1602 Quodsi
1413 1532 1481 1607 quis

146 1634 326 1711 cogitaverit
353 1633 443 1690 talem
473 1631 567 1688 fuisse
595 1631 767 1688 flaminibus
795 1632 931 1690 divorum
960 1652 1026 1690 oum
1056 1633 1211 1691 sodalibus
1241 1633 1481 1692 coniunctionem

147 1736 267 1812 qualem
296 1754 363 1794 oum
389 1733 581 1812 pontificibus
604 1731 687 1790 Diali
709 1733 840 1791 Martiali
863 1733 1013 1808 Quirinali
1038 1735 1210 1794 flaminibus
1236 1736 1331 1794 fuisse
1359 1737 1481 1807 scimus,

146 1838 199 1913 qui
224 1856 408 1914 quamquam
430 1855 526 1912 neque
548 1855 587 1894 ex
609 1836 802 1911 pontificibus
825 1837 1010 1914 eligebantur
1035 1856 1133 1913 neque
1153 1837 1310 1914 pontifices
1333 1839 1504 1913 vocabam,

145 1947 203 2011 tur,
234 1941 369 1998 attributi
399 1947 498 1996 tamen
528 1939 629 2015 aliquo
658 1939 747 1997 modo
775 1939 969 2014 pontificibus
1000 1948 1089 2016 atque
1118 1941 1193 1999 adeo
1219 1940 1296 2000 inter
1323 1940 1480 2017 pontifices

147 2039 281 2118 erant2):
311 2063 349 2100 ne
370 2043 427 2100 hoc
448 2041 568 2116 quidem
590 2041 711 2116 probari
739 2048 847 2117 potest.
893 2039 970 2101 Sunt
991 2042 1069 2100 euim
1091 2042 1226 2102 flamines
1247 2042 1382 2101 divorum
1404 2061 1480 2118 quos

146 2164 213 2203 cum
238 2144 323 2202 nulla
345 2144 504 2202 sodalitate
526 2143 589 2201 ullo
611 2144 701 2202 modo
723 2145 898 2203 coniunctos
920 2145 1016 2202 fuisse
1039 2153 1150 2204 certum
1174 2145 1223 2216 sit,
1245 2144 1306 2202 divi
1327 2145 1397 2202 Iulii
1419 2145 1480 2202 divi

145 2246 268 2306 Nervae
296 2246 356 2303 divi
383 2245 522 2316 Traiani3
551 2254 580 2302 et
606 2255 686 2304 certe
714 2246 792 2321 quod
819 2247 855 2304 de
877 2245 997 2306 Nervae
1019 2256 1048 2303 et
1071 2247 1195 2304 Traiani
1216 2247 1386 2306 flaminibus
1409 2265 1480 2304 con·

146 2358 216 2420 stat,
244 2349 326 2407 idem
348 2348 428 2406 valet
454 2349 491 2406 de
518 2348 650 2406 omnium
678 2348 815 2407 divorum
836 2349 1017 2408 flaminibus.
1061 2349 1134 2407 Alia
1158 2367 1277 2425 quoque
1298 2368 1331 2408 re
1352 2349 1407 2407 illa
1427 2350 1480 2406 fla-

145 2453 260 2510 minum
294 2470 360 2509 oum
395 2450 549 2510 sodalibus
583 2451 754 2510 coniunctio
785 2451 943 2510 refellitur:
979 2452 1056 2510 sicut
1086 2451 1164 2510 enim
1193 2452 1329 2510 flamines
1358 2451 1479 2510 Dialem

146 2554 318 2612 Martialem
341 2551 527 2625 Quirinalem
551 2573 568 2610 a
590 2555 737 2630 magistro
764 2553 881 2629 collegii
904 2554 1087 2629 pontificum,
1115 2554 1287 2630 pontificem
1316 2554 1478 2612 maximum

146 2656 223 2726 dico,
247 2664 365 2714 creatos
389 2656 452 2712 sive
476 2666 574 2730 captos
597 2673 663 2714 essa
685 2655 847 2731 constat3),
870 2657 912 2713 ita
935 2657 1069 2715 divorum
1092 2674 1210 2732 quoque
1232 2657 1368 2714 flamines
1390 2676 1408 2714 a
1431 2674 1480 2714 so-

145 2759 258 2816 dalium
282 2758 427 2836 magistro
450 2767 554 2834 captos
578 2775 646 2818 esse
668 2761 756 2818 nobis
779 2767 860 2818 esset
881 2757 1083 2831 statuendum}
1115 2758 1195 2834 quod
1217 2758 1281 2815 fieri
1303 2776 1362 2815 non
1384 2759 1481 2834 potuit

145 2879 212 2920 oum
241 2861 364 2918 sodales
386 2861 571 2936 Augustales
598 2870 677 2920 certe
703 2881 763 2920 uon
789 2881 881 2920 unum
908 2862 961 2920 sed
988 2869 1052 2919 tres
1077 2862 1238 2937 magistros
1259 2861 1406 2920 haberent
1427 2860 1479 2934 (cf.

108 3019 118 3032 ,
144 2981 173 3039 p.
192 2963 276 3040 209).
321 2963 364 3020 At
385 2964 449 3020 veri
472 2963 599 3022 similius
622 2965 739 3022 videtur
761 2964 896 3022 divorum
916 2965 1052 3022 flamines
1075 2964 1178 3022 eadem
1200 2964 1315 3022 ratione
1337 2981 1398 3038 qua
1418 2972 1479 3020 tres

144 3067 284 3124 flamines
313 3066 441 3124 maiores
472 3084 538 3124 cum
566 3067 739 3142 pontificum
770 3066 898 3142 collegio
927 3067 1022 3126 fuisse
1049 3064 1252 3141 coniunctos4)
1282 3073 1372 3140 atque
1393 3065 1477 3141 ipsos

146 3187 267 3245 quoque
290 3189 309 3226 a
329 3169 469 3245 pontifice
492 3169 633 3242 maximo,
656 3169 687 3226 id
710 3175 756 3228 est
777 3169 814 3226 ab
837 3169 1028 3246 imperatore,
1051 3186 1119 3228 esse
1142 3166 1292 3245 captos5).

228 3270 338 3329 Restat
359 3281 392 3328 ut
413 3271 532 3347 singula
553 3288 628 3346 quae
651 3272 688 3328 de
711 3272 846 3330 divorum
869 3273 1083 3346 imperatorum
1106 3271 1255 3330 flamoniis
1278 3269 1389 3327 tradita
1410 3278 1479 3327 sunt

144 3393 183 3431 ex
204 3372 312 3430 ordine
335 3392 479 3431 enarrem.
524 3373 662 3431 Dictator
682 3372 795 3432 Caesar
817 3375 904 3433 vivus
927 3375 984 3431 sibi
1007 3376 1073 3450 ipse
1089 3374 1128 3432 M.
1145 3373 1311 3432 Antonium
1327 3371 1477 3430 flaminem

144 3475 258 3534 creavit
279 3475 321 3551 (a.
338 3473 460 3550 710)⁶).
503 3475 666 3534 Interfecto
689 3475 821 3536 Caesare
847 3495 913 3534 cum
940 3475 1071 3534 nondum
1096 3477 1290 3553 inauguratus
1314 3483 1395 3534 esset
1416 3477 1478 3532 An-

144 3643 352 3652 Μ

224 3766 247 3828 ¹)
286 3769 391 3819 Pestem
409 3769 455 3818 illo
475 3774 590 3833 tempore
609 3769 648 3818 vel
669 3769 782 3820 maxime
801 3775 958 3834 grassantem
978 3769 1006 3819 in
1026 3783 1104 3820 causa
1121 3769 1200 3820 fuisse
1219 3768 1352 3834 probabile
1372 3775 1418 3817 est.

224 3857 249 3921 ²)
288 3861 441 3926 Marquardt
460 3859 563 3922 4192.
585 3862 646 3912 269.

223 3949 248 4014 ³)
286 3953 431 4003 Mommsen
453 3950 612 4004 Staatsrecbt
631 3956 656 4016 2,
673 3953 715 4003 23.
753 3954 907 4019 Marquardt
926 3957 951 4016 4,
968 3957 1029 4005 244.

222 4041 247 4104 4)
287 4043 449 4110 Quamquam
469 4062 516 4111 pro
536 4053 605 4096 certo
624 4047 674 4096 hoc
693 4063 745 4097 non
764 4048 960 4110 affirmaverim
986 4047 1088 4097 obstare
1112 4047 1181 4096 enim
1201 4046 1320 4096 videntur
1339 4045 1406 4094 tituli
1425 4046 1476 4094 Ve-

143 4137 263 4186 ronensis
283 4152 361 4201 supra
380 4155 405 4202 p.
420 4138 472 4188 225
493 4140 566 4188 relati
579 4140 671 4190 verba:
684 4137 822 4206 flammis)
834 4139 1016 4206 Adfirmatio),
1032 4176 1038 4190 .
1054 4176 1061 4189 .
1076 4176 1082 4189 .
1091 4139 1264 4206 pontif(icia);
1285 4139 1395 4188 maiores
1409 4143 1477 4188 certe

145 4227 272 4288 flaminea,
299 4245 358 4279 cum
381 4231 434 4282 iam
460 4247 490 4282 eo
515 4233 626 4283 nomiae.
643 4233 712 4282 inter
735 4232 870 4297 pontifices
889 4233 948 4294 sint,
973 4233 1109 4297 pontifices
1128 4233 1216 4282 vocari
1235 4247 1287 4282 non
1307 4238 1415 4296 possunt
1434 4228 1476 4290 (cf.

144 4320 227 4372 Bardt
248 4320 290 4371 die
309 4320 422 4373 Prlester
441 4322 486 4374 der
505 4324 559 4374 cler
577 4339 681 4390 procoso
705 4323 832 4391 Colleqien
850 4342 876 4390 p.
892 4325 945 4386 38).
983 4325 1105 4376 Fortasse
1128 4326 1205 4390 igitur
1229 4327 1282 4375 iam
1306 4329 1477 4390 exauguratus

145 4420 202 4463 erat
220 4414 316 4464 flamen
335 4415 380 4464 ille
399 4417 557 4481 Augustalis,
580 4433 636 4466 cum
656 4418 775 4482 pontifex
793 4419 876 4470 factus
897 4424 942 4468 est.

223 4504 247 4567 ⁵)
288 4507 408 4558 Ceterum
433 4525 485 4559 nou
509 4510 547 4559 ita
570 4517 693 4575 aequatos
719 4525 774 4561 osso
798 4518 860 4576 puto
883 4511 1001 4562 flamines
1021 4511 1141 4560 divorum
1160 4509 1307 4560 flaminibus
1326 4509 1475 4570 maioribus,

144 4605 172 4647 ut
191 4600 288 4661 omnia,
310 4615 376 4664 quae
395 4601 427 4650 de
441 4602 583 4652 maioribus
606 4604 738 4654 coustituit
755 4605 878 4668 religiosa
896 4605 1043 4669 antiquitas,
1066 4603 1144 4652 etiam
1163 4602 1281 4652 divorum
1295 4602 1412 4652 flamines
1432 4600 1476 4649 ob-

144 4697 288 4754 servareut3
315 4699 382 4742 certe
406 4693 524 4744 flamines
549 4695 667 4744 divorum
687 4711 720 4746 ex
740 4697 909 4746 confarreatis
934 4697 1030 4762 nuptiis
1055 4700 1204 4760 procreatos
1228 4709 1283 4744 esso
1301 4707 1405 4744 necesse
1424 4706 1476 4741 non

144 4783 202 4846 fuit,
223 4801 280 4834 cum
293 4783 383 4836 Gaius
404 4787 497 4846 1,112
517 4787 549 4836 da
568 4787 642 4838 Diali
661 4788 778 4838 Martiali
798 4788 926 4849 Quirinali
945 4796 1045 4838 tontum
1064 4787 1212 4836 flaminibus
1231 4786 1310 4836 verbs
1327 4787 1414 4836 faciat.

221 4874 246 4938 ⁶)
285 4877 357 4934 Suet.
379 4879 452 4928 Caes.
473 4879 522 4930 76:
557 4880 682 4947 ampliora
706 4882 780 4930 etiam
804 4879 910 4930 damano
926 4880 1037 4947 fastigio
1064 4878 1165 4930 decerni
1187 4877 1347 4946 altipassus
1365 4885 1431 4940 est„
1447 4913 1475 4926 ..

144 4969 242 5036 templa,
264 4985 333 5031 aras,
350 5005 356 5019 .
371 5003 378 5020 .
393 5006 399 5020 .
406 4970 542 5037 flaminem.
580 4973 633 5022 Dio
654 4973 697 5034 44,
713 4974 743 5022 62
767 4969 808 5021 καὶ
821 4968 899 5028 τέλος
913 4968 968 5020 Δία
982 4990 1008 5020 τε
1021 4962 1094 5021 adab
1107 4958 1340 5038 dirrupir'lmiluov
1352 4956 1477 5040 προσηγᾶ-

145 5077 234 5127 paueat
251 5059 292 5111 aul
307 5049 363 5111 vair
377 5053 442 5126 αὔτῷ
460 5062 491 5134 τῇ
510 5058 532 5112 τ’
545 5056 663 5129 anastasia
681 5059 757 5114 αὐτοῦ
775 5061 953 5130 repetiverim
973 5060 1087 5132 ἔγνωσαν,
1110 5059 1177 5130 ἱερέα
1197 5056 1275 5130 σφίσι
1292 5051 1478 5115 τ6ν’Δντ6νιον

146 5140 227 5221 ὥσπερ
240 5141 296 5204 rival
311 5143 423 5205 Amilcar
435 5145 667 5227 προχειρισάμενοι.
709 5157 761 5208 Cic.
781 5157 895 5222 Philipp.
917 5159 941 5219 2,
957 5159 1001 5218 43,
1017 5159 1083 5206 11οι
1107 5162 1144 5204 est
1166 5171 1226 5222 erpo
1239 5155 1342 5222 flamen,
1364 5163 1392 5206 ut
1410 5154 1475 5216 Ioci,

143 5253 171 5294 at
188 5244 282 5308 Marti,
302 5254 330 5296 at
350 5243 464 5311 Quirino,
485 5249 523 5298 sic
542 5247 601 5300 divo
620 5249 688 5300 Iulio
708 5247 745 5298 M.
760 5249 892 5299 Antonius.
912 5249 948 5298 ib.
971 5249 1013 5312 13,
1028 5250 1071 5310 21,
1087 5249 1134 5298 47ι
1150 5283 1155 5296 .
1172 5283 1198 5297 ..
1216 5246 1319 5311 Cacsar,
1341 5249 1412 5298 cuias
1428 5263 1474 5314 pa-

145 5339 194 5388 tris
204 5337 304 5405 stamen
323 5345 367 5389 eet.
407 5341 447 5392 cf.
466 5341 603 5392 Drumaun
624 5344 648 5405 1,
665 5343 707 5392 77.
729 5341 753 5404 3,
770 5341 830 5392 666.
