3620 6050
509 624 810 675 5555555510555
837 624 1122 675 5555555555.
1409 608 1478 679 231

236 800 264 858 9.
309 813 448 858 sonorus
468 813 630 857 usnemun
653 813 793 858 runicus
816 799 874 874 (sic
888 798 999 859 Renicr
1016 820 1044 857 n.
1064 798 1158 870 14793
1181 800 1219 858 ci.
1236 802 1292 859 vol.
1310 799 1369 872 ΙΙΙ,
1388 800 1482 878 1443)

150 903 215 960 sive
246 917 341 960 varra
368 899 470 976 (Grut.
496 901 656 977 155516)
684 916 872 960 susurnam
903 902 935 960 in
956 899 1102 962 Numidia
1133 902 1266 962 eiusdem
1298 903 1393 962 tribus
1425 904 1484 962 suit

148 1005 277 1064 testibus
299 1004 395 1063 titulis
419 1003 552 1062 Renierii
573 1003 809 1064 5.1524.1525
832 1003 970 1082 aliisque,
993 1023 1068 1082 quos
1084 1006 1253 1084 composuit
1268 1004 1481 1066 Grotefendius

146 1107 180 1166 in
202 1126 309 1166 comm.
333 1106 369 1165 de
392 1105 527 1165 tribubus
549 1125 579 1184 p.
598 1107 666 1166 160.

231 1208 303 1268 Non
324 1210 422 1268 solum
444 1217 542 1268 autem
565 1217 677 1284 septem
693 1208 827 1268 coloniae
849 1208 933 1285 (nam
948 1210 1083 1288 Apulum
1105 1221 1135 1268 et
1150 1209 1321 1288 Aquincum
1343 1229 1404 1269 non
1425 1231 1481 1269 nu-

146 1311 244 1387 mero)
269 1330 343 1388 quas
370 1312 506 1371 recensui
534 1312 598 1370 5155
625 1311 715 1370 dubio
738 1311 886 1371 Traianae
913 1329 1018 1372 omnes
1043 1313 1141 1372 tribus
1164 1313 1304 1391 Papiriae
1327 1320 1405 1386 sunt,
1429 1313 1480 1372 sed

145 1416 219 1474 item
246 1414 330 1472 nulla
351 1414 470 1472 colonia
495 1414 655 1484 invenitur,
677 1431 767 1489 quam
790 1414 922 1473 Traiano
950 1423 1071 1474 auctore
1093 1416 1243 1475 conditam
1270 1433 1339 1475 esse
1366 1423 1481 1475 constet

145 1517 314 1592 (enumerat
335 1535 386 1575 eas
402 1516 558 1592 Zumptius
580 1535 685 1574 comm.
709 1517 863 1594 epigraph.
882 1519 908 1590 l,
925 1517 985 1575 400
997 1535 1071 1594 seq,
1095 1519 1148 1578 aed
1169 1519 1272 1578 multis
1294 1526 1346 1577 aut
1368 1526 1479 1578 temere

143 1619 273 1694 receptis
299 1627 351 1677 aut
375 1618 468 1694 falso)
496 1636 645 1695 quamque
671 1628 786 1678 constet
813 1621 959 1678 censitam
985 1637 1053 1679 esse
1073 1620 1105 1678 in
1127 1621 1205 1680 tribu
1227 1621 1355 1681 diversa.
1401 1619 1478 1680 Sunt

144 1721 265 1797 quidem
288 1721 445 1797 quaedam,
470 1728 502 1779 51
517 1720 648 1780 Tsierna
661 1720 775 1780 Daciae
797 1721 870 1798 (vol.
888 1724 905 1781 3
929 1741 957 1798 p.
975 1721 1049 1800 248)
1072 1731 1102 1782 51
1123 1723 1160 1782 de
1182 1742 1243 1799 qua
1263 1724 1342 1783 iufra
1363 1723 1478 1783 dicetur

143 1823 251 1900 Leptis
281 1825 392 1900 Magna
418 1824 549 1898 Africae,
583 1842 708 1900 quarum
741 1824 835 1883 tribus
869 1825 966 1884 adhuc
998 1827 1152 1902 ignoratur
1159 1848 1168 1898 3
1204 1825 1257 1886 sed
1289 1845 1416 1903 quarum
1449 1833 1479 1885 et

144 1935 249 1986 auctor
271 1939 301 1985 et
322 1927 417 1986 tribus
439 1934 549 2004 pateat,
572 1945 625 1985 eae
647 1935 717 1986 5551
737 1927 878 2003 Papiriae
900 1945 1014 1987 omnes.
1326 1919 1329 1926 ’

228 2027 298 2104 Quo
319 2029 469 2106 patefacto
491 2030 581 2088 etiam
603 2029 736 2106 reliquos
758 2030 888 2106 populos
911 2031 1002 2090 tribui
1017 2031 1158 2109 Papiriae
1179 2033 1221 2090 ita
1244 2032 1421 2109 adscriptos,
1444 2037 1476 2089 nt

142 2132 180 2192 ad
203 2133 329 2190 Traiani
351 2140 479 2190 aetatem
501 2151 553 2191 eos
576 2133 696 2192 civitate
718 2134 851 2192 caruisse
872 2133 1029 2209 probabile
1051 2135 1099 2206 511,
1122 2152 1181 2190 505
1204 2134 1269 2193 5155
1292 2135 1354 2192 veri
1376 2135 1475 2213 specie

140 2236 321 2294 constitutos
344 2253 411 2293 5555
433 2236 614 2296 coniciamus
637 2243 688 2294 aut
710 2235 874 2294 aTraiano
897 2241 948 2294 aut
970 2242 1050 2294 certe
1072 2237 1110 2294 ab
1132 2237 1192 2294 alio
1212 2237 1345 2295 eiusdem
1368 2237 1474 2294 domus

140 2339 277 2415 principe
299 2337 403 2396 eadem
430 2337 510 2396 tribu
538 2355 603 2396 uso.
648 2337 727 2408 Sanc
749 2337 788 2396 ad
808 2337 916 2396 Italiae
938 2338 1067 2415 populos
1089 2339 1231 2416 Papiriae
1254 2339 1421 2416 adscriptos
1443 2339 1474 2397 id

139 2459 201 2499 non
223 2439 361 2516 pervenit
386 2459 442 2499 nec
467 2441 562 2517 magis
584 2440 623 2500 ad
644 2440 866 2517 provinciarum
893 2459 941 2499 res
962 2441 1098 2518 publicas
1124 2427 1193 2500 ante
1214 2440 1348 2501 Nervam
1370 2441 1474 2499 civita-

139 2553 201 2602 tem
223 2541 397 2614 adsecutas;
420 2561 489 2600 nam
511 2543 703 2620 municipium
727 2543 836 2602 civium
856 2543 1060 2602 Romanorum
1081 2552 1205 2620 propter
1227 2544 1362 2602 coloniae
1384 2545 1432 2602 ius
1454 2561 1473 2600 a

140 2647 276 2722 principe
298 2643 490 2722 impetratum
514 2645 562 2703 vel
583 2645 731 2704 coloniam
758 2653 881 2723 propter
907 2645 1074 2723 adscriptos
1097 2664 1193 2705 novos
1215 2645 1340 2706 colonos
1362 2645 1472 2704 tribum

138 2757 272 2806 mutasse
299 2751 421 2805 omuino
449 2747 619 2825 negandum
647 2755 703 2821 551,
731 2767 799 2807 curn
824 2749 855 2808 15
881 2755 964 2808 15515
992 2758 1088 2808 515155
1116 2749 1313 2808 mutationum
1334 2749 1473 2824 frequen·

137 2851 180 2908 tia
194 2855 326 2908 mutatae
348 2849 442 2908 tribus
463 2858 577 2908 eertum
592 2851 762 2926 exemplum
777 2851 892 2910 nullum
908 2853 1029 2911 omnino
1053 2860 1200 2930 suppetat.
1218 2885 1256 2895 -
1273 2849 1350 2912 Sunt
1370 2859 1470 2910 autem

136 2971 187 3011 res
209 2952 359 3029 publicae,
381 2971 456 3028 quas
477 2953 535 3011 hoc
561 2953 649 3010 modo
671 2953 826 3032 Papiriam
854 2954 961 3013 tribum
991 2957 1144 3032 accepisse
1173 2955 1368 3032 probabiliter
1389 2954 1470 3012 coni-

136 3055 210 3126 cias,
241 3063 362 3132 praeter
390 3073 451 3127 eas,
484 3055 520 3114 de
548 3055 656 3130 quibus
686 3044 948 3133 supradiximus,
981 3057 1140 3116 admodum
1168 3075 1291 3134 paucae.
1335 3057 1371 3112 In
1400 3055 1470 3115 aliis

135 3155 255 3234 imperii
276 3155 407 3214 Romani
434 3157 597 3234 provinciis
626 3175 704 3232 quae
732 3165 851 3234 praeter
879 3159 1012 3218 colonias
1040 3159 1150 3238 Ulpiae
1184 3178 1277 3238 supra
1303 3157 1469 3218 recensitas

134 3259 325 3335 reperiuntur
353 3257 495 3334 Papiriae
521 3258 690 3336 adscriptae
718 3270 859 3338 quattuor
884 3261 1020 3320 civitates
1047 3263 1140 3335 solae,
1163 3260 1267 3321 Narbo
1289 3261 1416 3321 Martius
1437 3261 1468 3317 in

137 3361 249 3434 Gallia,
277 3359 396 3419 colonia
417 3361 557 3438 Augusta
579 3360 682 3419 Firma
704 3363 806 3440 Astigi
833 3365 864 3422 in
892 3365 1017 3423 Baetica
1044 3363 1118 3440 (vol.
1134 3364 1167 3423 II
1192 3383 1221 3441 p.
1239 3363 1324 3440 201),
1352 3363 1469 3422 0010515

132 3465 274 3540 Augusta
295 3463 430 3521 Emerita
450 3463 481 3520 in
495 3462 654 3522 Lusitania
676 3463 749 3540 (rol.
764 3465 795 3523 lI
817 3483 845 3542 p.
864 3465 928 3542 52),
952 3466 1077 3542 denique
1099 3468 1216 3526 colonia
1236 3467 1316 3525 Iulia
1330 3466 1468 3545 Augusta

133 3563 327 3625 Cassandrea
343 3565 406 3622 sive
421 3564 568 3625 Potidaea
589 3566 620 3624 in
635 3566 813 3626 Macedonia
834 3567 874 3643 (v.
890 3567 978 3627 huius
1000 3570 1064 3646 eph.
1081 3570 1140 3627 vol.
1159 3569 1176 3627 2
1199 3589 1227 3646 p.
1245 3569 1305 3627 475
1324 3589 1353 3627 5.
1373 3567 1466 3645 1048)

134 3667 229 3726 multo
252 3676 320 3726 ante
334 3667 499 3726 Traianum
522 3669 560 3726 ad
582 3668 734 3728 civitatem
749 3669 916 3729 Romanam
935 3680 1143 3746 pervenerunt.
1187 3672 1221 3729 ln
1245 3672 1310 3730 sola
1325 3670 1467 3736 Africae

132 3770 285 3828 contrario
307 3769 432 3847 Papiria
452 3777 572 3846 regnat3
588 3771 718 3830 ’50111551
740 3773 901 3831 secundum
927 3769 1153 3831 Grotefendium
1177 3773 1263 3850 (imp.
1286 3773 1374 3831 Rom.
1397 3775 1465 3832 trib.

132 3871 229 3932 descr.
258 3891 286 3947 p.
311 3871 370 3930 154
387 3871 463 3948 seq.)
497 3874 696 3932 censebantur
728 3874 760 3932 in
789 3892 825 3933 55
853 3872 989 3946 Cillium,
1017 3871 1133 3947 Cuicul,
1162 3873 1271 3948 Diana,
1299 3875 1464 3954 Thagaste,

131 3973 291 4050 Thelepte,
320 3973 532 4032 Thibursieum
561 3973 651 4047 Bure,
685 3974 894 4034 Tubursicum.
939 3975 1024 4035 Haec
1050 3978 1141 4054 igitur
1170 3977 1282 4053 oppida
1314 3978 1464 4036 civitatem

130 4077 285 4153 accepisse
307 4095 326 4132 a
348 4075 480 4134 Traiano
507 4077 661 4153 probabile
689 4085 748 4148 est3
776 4097 832 4137 nec
858 4079 945 4137 vidco
972 4079 1052 4154 qnod
1078 4079 1186 4152 obstet,
1215 4080 1274 4138 nisi
1300 4081 1380 4157 quod
1403 4078 1463 4139 Oil-

129 4177 204 4236 lium
231 4177 372 4236 Flavium
404 4177 463 4236 dici
496 4178 615 4236 videtur
645 4180 678 4237 15
710 4179 798 4237 111515
827 4180 1008 4240 Renieriano
1035 4202 1063 4240 u.
1083 4180 1140 4238 129
1169 4181 1223 4258 (ΙΙ,
1241 4181 1283 4258 2).
1327 4181 1462 4242 Ulterius

130 4280 276 4338 Africana
297 4281 371 4338 haec
392 4298 451 4338 non
472 4298 638 4356 persequor
658 4282 738 4359 ipse3
761 4301 830 4340 nam
844 4281 1079 4341 Wilmannsium
1100 4292 1235 4342 nostrum
1253 4285 1462 4345 Africanarum

128 4381 358 4457 inscriptionum
386 4381 524 4460 syllogen
552 4391 719 4444 accuratam
748 4394 777 4443 et
804 4386 923 4460 plenam
945 4394 1100 4463 parantem
1122 4387 1363 4464 disquisitionem
1385 4390 1462 4446 5555

129 4491 337 4562 suscepturum
365 4501 432 4542 5555
459 4493 489 4543 51
517 4485 723 4544 absoluturum
750 4487 877 4546 confido.
920 4487 1022 4548 Unum
1049 4489 1126 4548 addo
1148 4490 1226 4549 inter
1249 4491 1347 4550 curias
1368 4490 1461 4550 Lam·
1508 4535 1511 4544 .

127 4587 298 4646 baesitanas
325 4605 403 4661 quae
429 4591 576 4661 reperitur
604 4608 663 4646 una
689 4607 755 4647 cum
778 4590 920 4662 Traiana,
950 4589 1072 4663 Sabina,
1094 4576 1310 4664 Antoniniana,
1333 4593 1460 4652 Aurelia

128 4689 335 4764 similibusque
363 4689 475 4747 curiam
502 4690 655 4766 Papiriam
683 4689 808 4766 (Renier
833 4694 890 4752 185
907 4719 944 4742 =
961 4693 1132 4752 Wilmanns
1160 4714 1208 4752 ex.
1231 4693 1327 4769 2742)
1360 4703 1458 4772 aperte

126 4809 145 4848 a
166 4791 248 4848 tribu
270 4791 465 4866 imperatoria
486 4809 595 4850 nomen
616 4793 751 4852 duxisse.

208 4893 278 4950 Hoc
293 4892 379 4950 nobis
401 4901 496 4952 restat
511 4894 722 4971 quaerendum,
745 4913 805 4972 qua
826 4897 943 4954 ratione
964 4897 1160 4975 imperatores
1177 4898 1286 4973 reliqui
1307 4899 1337 4955 in
1353 4898 1458 4958 eedem

124 4993 293 5054 reversati
321 4994 390 5066 sint,
413 4994 527 5054 scilicet
547 5004 646 5054 utrum
667 5014 740 5055 suae
766 4997 871 5055 domus
894 4999 1003 5057 tribum
1025 5001 1064 5058 ad
1087 5017 1136 5058 res
1158 5000 1293 5077 publicas
1315 5020 1333 5058 a
1355 5017 1387 5060 se
1410 5021 1458 5059 or·

124 5096 243 5158 dinatas
273 5097 470 5174 propagarint
497 5117 535 5157 an
564 5098 654 5157 aliam
676 5098 755 5157 viam
783 5099 940 5159 tenuerint.
984 5101 1071 5160 Licet
1099 5103 1176 5160 enim
1204 5101 1268 5160 eius
1291 5105 1458 5180 argumenti

122 5199 203 5258 iusta
225 5199 377 5256 enarratio
398 5199 521 5258 huiusce
550 5201 785 5262 commentarioli
813 5203 960 5278 angustiis
988 5223 1179 5281 nequaqnam
1201 5205 1344 5282 capiatur,
1376 5213 1455 5264 certe

122 5301 219 5378 prima
250 5299 446 5360 fundamenta
467 5303 538 5378 poni
559 5313 709 5381 poterunt,
732 5325 750 5364 5
770 5305 880 5380 quibus
903 5305 1031 5382 profecti
1053 5308 1105 5383 qni
1126 5307 1157 5366 in
1180 5308 1314 5384 singulas
1336 5309 1456 5387 provin·

1192 5411 1251 5468 ta*
