3620 6050
452 612 614 665 smnocn
641 611 932 666 rusonurronvu
958 613 1043 666 rom
1068 613 1224 665 nouam.
1424 595 1499 666 263

170 787 362 866 scriptionem
393 806 495 850 verum
528 789 565 846 ad
597 795 722 864 tropaea
747 788 794 847 vel
821 787 993 866 anaglypha
1014 789 1088 848 haec
1111 788 1273 866 pertinere;
1302 788 1503 866 quoequalis

169 892 283 948 inerint
312 890 478 950 luculenter
509 891 569 950 nisi
601 890 691 950 fallor
718 890 860 950 docemur
888 891 1060 968 anaglypho
1088 891 1203 949 thoraci
1228 898 1343 950 statuae
1371 891 1503 968 Augusti

171 992 337 1052 Vaticanae
353 993 519 1072 insculpto:
543 994 659 1052 scilicet
679 1013 740 1052 non
755 993 879 1052 dubium
899 993 931 1052 id
950 993 1032 1069 quod
1054 1012 1113 1052 non
1134 994 1255 1052 invenio
1277 995 1315 1051 ab
1338 994 1503 1052 editoribus

173 1103 291 1154 statuae
314 1095 486 1154 adnotatum
514 1113 600 1154 arcus
627 1096 708 1154 illius
735 1096 866 1172 insignia
890 1097 958 1172 ipsa
983 1096 1025 1154 ibi
1052 1113 1120 1156 esse
1145 1095 1281 1172 repetita.
1326 1095 1378 1154 sed
1400 1094 1438 1154 ad
1459 1096 1502 1154 in·

172 1198 367 1275 scriptionem
390 1206 422 1256 nt
442 1197 570 1270 redeam,
593 1199 650 1257 hoc
677 1219 767 1258 unum
794 1198 924 1274 relinqui
947 1197 1065 1258 videtur
1087 1206 1119 1256 ut
1141 1216 1228 1258 arcus
1250 1198 1338 1256 huius
1361 1197 1504 1257 destructi

170 1301 273 1360 nescio
303 1317 362 1376 quo
393 1305 525 1375 tempore
553 1300 669 1378 lapides
699 1301 766 1360 aliis
797 1300 1052 1362 aedificationibus
1074 1302 1234 1375 postmodo
1255 1301 1362 1360 inserti
1383 1300 1502 1360 fuerint.

173 1420 272 1477 neque
288 1421 323 1460 ea
337 1403 506 1462 coniectura
521 1404 601 1461 omni
624 1412 868 1479 argumentorum
882 1403 942 1462 fide
957 1403 1099 1462 destituta
1115 1411 1170 1462 est.
1214 1422 1283 1462 nam
1305 1406 1385 1462 iusto
1407 1405 1504 1462 cadem

174 1507 234 1564 divi
255 1505 337 1576 Iulii,
364 1523 454 1580 quam
479 1525 558 1564 nnnc
583 1506 719 1565 videmus
749 1507 859 1565 circum
886 1506 966 1564 circa
992 1505 1149 1564 ruderibus
1171 1505 1337 1575 liberatam,
1359 1523 1414 1564 nec
1435 1505 1505 1564 vola

172 1625 229 1666 nac
252 1606 413 1684 vestigium
434 1626 522 1667 arcus
549 1608 738 1684 triumphalis
765 1608 939 1684 comparuit.
983 1614 1138 1684 praetcrea
1158 1608 1259 1683 platea
1280 1615 1344 1666 tota
1365 1625 1426 1682 qua
1447 1608 1504 1665 cir-

172 1708 331 1768 cumdatur
345 1710 471 1785 viaeque
485 1711 641 1786 contiguae
662 1711 765 1770 infima
780 1717 877 1770 aetate
897 1709 964 1768 rudi
986 1710 1111 1768 artificio
1127 1711 1284 1768 restitutae
1306 1719 1384 1768 sunt.
1429 1710 1505 1767 alter

175 1822 275 1870 autem
309 1829 398 1870 arcos
421 1812 551 1889 Augusti
583 1813 679 1872 iactus
712 1819 781 1889 post
801 1813 959 1872 Actiacam
986 1812 1141 1870 victoriam
1167 1812 1218 1871 ubi
1245 1812 1360 1870 steterit
1384 1813 1416 1868 in
1437 1812 1504 1871 foro

173 1915 363 1992 ignoramus:
386 1923 418 1973 at
439 1934 476 1974 ne
497 1915 585 1974 huius
608 1916 727 1991 quidem
749 1915 878 1992 vestigia
901 1933 1109 1990 comparuere3
1139 1923 1294 1992 praeterea
1316 1913 1395 1972 haud
1416 1914 1505 1972 facile

173 2016 275 2075 lacera
301 2017 375 2074 haec
398 2005 631 2094 inscriptionum
657 2018 824 2094 fragmenta
851 2017 936 2075 titulo
959 2019 990 2074 in
1013 2017 1156 2076 victoriae
1177 2018 1261 2076 illius
1283 2017 1402 2076 laudem
1424 2035 1505 2075 com-

174 2119 277 2195 posito
298 2119 426 2177 inseras.
470 2126 569 2194 potest
590 2121 682 2196 igitur
699 2138 767 2180 esse
789 2121 824 2178 fr.
843 2119 880 2178 23
905 2137 993 2178 arcus
1009 2120 1148 2196 Augusti,
1170 2119 1308 2178 videntur
1323 2136 1390 2176 esse
1411 2119 1448 2176 ir.
1465 2118 1504 2178 26

174 2228 205 2280 et
221 2219 259 2278 25
277 2239 364 2278 arcus
380 2221 505 2280 Tiberii.
542 2222 669 2300 denique
684 2242 743 2282 non
766 2222 870 2280 tacebo
890 2223 988 2280 neutri
1002 2222 1108 2280 horum
1130 2224 1214 2280 arcui
1230 2223 1323 2280 videri
1346 2221 1506 2280 convenire

174 2343 240 2382 eam
273 2323 420 2382 orationis
450 2324 662 2400 prolixitatem,
696 2343 785 2400 qnam
817 2325 984 2382 coniunctis
1007 2324 1042 2382 fr.
1067 2323 1116 2383 23.
1142 2322 1189 2380 24.
1215 2323 1253 2382 25
1278 2323 1368 2399 (adde
1389 2324 1426 2381 fr.
1451 2322 1504 2398 26)

174 2427 382 2484 Mommsenus
405 2427 513 2485 effecit.
556 2428 638 2503 quod
660 2437 694 2486 ut
714 2428 826 2505 legenti
848 2427 971 2502 planum
990 2426 1042 2483 fiat
1063 2426 1141 2484 inira
1160 2428 1316 2504 composui
1338 2427 1506 2503 fragmenta

173 2537 316 2604 quattuor
343 2529 490 2604 disposita
516 2549 556 2588 ex
582 2530 752 2588 coniectura
772 2530 948 2588 Mommseui
976 2537 1122 2604 auctaque
1150 2546 1238 2586 versu
1263 2529 1370 2606 primo,
1397 2537 1430 2586 ut
1450 2548 1506 2605 par

174 2639 229 2703 ast,
255 2631 418 2690 secundum
441 2631 696 2692 Kellermannum.

534 2839 572 2876 m.
590 2819 619 2886 4,
631 2819 671 2878 50

484 2939 518 2972 m.
534 2925 558 2984 2,
570 2925 604 2972 42

365 3011 688 3028 *-
699 3017 977 3027 ‹un—-m

1055 3055 1093 3094 m.

512 3153 525 3178 ²
584 3153 962 3203 mmmsovsrcorrsrvrs
1040 3136 1108 3210 opo?

632 3287 635 3296 r
1039 3257 1089 3310 aas

586 3308 627 3439 (s
639 3357 710 3400 roc
1041 3359 1092 3413 aas

510 3460 571 3500 arr
589 3459 694 3502 >slav
709 3444 752 3502 si
1042 3460 1093 3514 cao

570 3458 639 3683 {iro
655 3577 661 3591 ·
680 3551 710 3606 cl
1042 3563 1093 3618 c‚ac
1144 3603 1147 3608 .

388 3666 422 3706 ru
445 3665 611 3721 summram
628 3679 635 3692 ·
651 3665 706 3706 uun
717 3649 770 3708 os?
1043 3664 1093 3719 o‚ao

213 3835 278 3912 (25.
293 3834 346 3908 24)
576 3851 595 3890 u
608 3866 615 3878 ·
630 3829 674 3967 ul}
786 3850 879 3893 oman
1044 3851 1094 3904 ops

541 3822 763 4096 affuturum?
807 3955 880 3996 uvm
1043 3952 1094 4004 cuc

564 4075 567 4152 p
582 4056 696 4098 vnsvu
1044 4054 1094 4104 arc

438 4142 647 4200 sromsiuecu
668 4160 775 4200 nxrrrs
1045 4156 1095 4207 o,1c
1239 4141 1252 4196 1

177 4374 257 4432 ultra
283 4372 404 4450 prodire
431 4372 551 4430 dabitur
580 4373 674 4449 siquis
702 4375 881 4434 architectus
908 4376 989 4451 quod
1016 4377 1087 4435 olim
1109 4376 1301 4436 Montirolius
1328 4379 1508 4454 promiserat

177 4483 320 4552 quantum
346 4475 465 4550 quidem
492 4493 570 4534 nunc
595 4475 666 4534 licet
693 4486 852 4536 exsecutus
876 4479 925 4550 sit,
947 4486 981 4536 ut
1003 4479 1146 4538 conlectis
1169 4480 1407 4556 examinatisque
1429 4479 1507 4556 frag-

177 4578 285 4637 mentis
308 4596 384 4654 quae
406 4597 500 4654 prope
525 4577 691 4638 columnam
714 4579 814 4638 Focae
837 4589 942 4640 extant
964 4583 1136 4640 coniectura
1162 4583 1298 4659 capiatur
1319 4582 1356 4640 de
1378 4583 1507 4658 pristina

179 4698 266 4740 arcus
289 4679 444 4738 Tiberiani
465 4679 569 4738 forma.

261 4781 352 4840 Haud
371 4781 499 4840 certiora
518 4782 555 4841 de
575 4802 680 4842 arcus
700 4783 853 4844 Fabiani
873 4787 962 4863 longe
983 4786 1169 4846 celeberrimi
1188 4787 1247 4845 situ
1262 4805 1340 4844 nunc
1355 4797 1508 4863 comperta

179 4893 258 4944 sunt.
302 4884 541 4943 testimoniorum
564 4886 753 4961 antiquorum
773 4889 926 4958 memoria,
949 4908 1026 4965 quae
1048 4889 1162 4965 primus
1177 4888 1384 4948 Mommsenus
1407 4889 1508 4948 conla-

177 4987 248 5045 latis
276 4986 478 5062 epigraphicis
503 4995 583 5045 recte
610 4989 780 5048 aestimavit
805 4989 897 5058 (Anu.
924 4993 1013 5063 1858,
1039 4992 1150 5049 173ss.
1180 4992 1218 5049 cf.
1242 4991 1289 5048 De
1311 4991 1405 5050 Rossi
1427 4994 1507 5051 Ann.

182 5088 272 5161 1859,
297 5087 371 5164 324)
400 5089 529 5147 efficitur
556 5089 650 5148 fuisse
682 5110 782 5150 arcum
810 5095 891 5150 iuntc
912 5098 1021 5169 rapiam
1046 5098 1077 5152 ia
1097 5112 1184 5152 sacra
1206 5096 1254 5150 cia
1276 5092 1334 5166 (ita
1354 5095 1507 5154 Asconius

180 5198 359 5268 personatus
382 5191 413 5248 in
429 5190 515 5248 Verr.
534 5192 560 5262 1,
578 5191 606 5263 7,
625 5193 660 5251 19
685 5211 712 5266 p.
731 5193 787 5252 133
805 5193 884 5270 On),
908 5195 954 5252 vel
973 5213 1066 5271 prope
1088 5196 1198 5254 Vestam
1220 5194 1277 5270 (ita
1298 5197 1393 5255 schol.
1411 5195 1506 5256 Gron.

179 5312 207 5369 p.
225 5291 300 5368 393)
324 5293 372 5352 vel
398 5311 513 5352 sacram
539 5296 824 5369 iaqrediaotibas
845 5300 922 5354 ciam
945 5307 1026 5372 post
1055 5297 1185 5374 templum
1210 5298 1337 5358 Castoris
1360 5299 1405 5377 (p.
1422 5300 1507 5375 399),
