3620 6050
319 641 394 714 1134
893 664 1077 716 mommsen

317 838 431 897 Norico
458 836 533 912 (vol.
550 837 599 896 III
620 857 648 915 p.
666 836 751 914 649).
794 839 901 914 Itaque
927 839 1091 914 municipia
1117 858 1217 898 earum
1244 843 1374 917 partium
1403 843 1462 900 duo
1490 844 1649 900 Andauto-

317 942 398 1000 niam
425 939 499 1016 (vol.
515 939 565 998 III
591 961 621 1017 p.
637 939 712 1016 508)
739 947 769 1000 et
789 938 1001 998 Latobicorum
1025 941 1098 1017 (vol.
1114 941 1164 1000 III
1185 963 1215 1019 p.
1231 943 1307 1020 496)
1330 943 1473 1018 Quirinac
1496 945 1650 1022 adscripta

318 1054 346 1102 11
367 1043 437 1119 ipsa
458 1042 611 1119 probabile
633 1051 679 1101 est
707 1042 811 1102 eodem
841 1051 973 1118 tempore
1000 1045 1162 1104 constituta
1183 1063 1260 1117 esse,
1287 1056 1321 1105 ut
1342 1067 1358 1104 1
1381 1049 1531 1107 111111111
1553 1050 1650 1106 111111-

317 1147 427 1224 cipium
448 1145 587 1204 Flavium
614 1143 823 1204 Neviodunum
846 1145 1021 1206 Pannoniae
1049 1149 1214 1224 superioris
1243 1147 1315 1223 (vol.
1336 1150 1382 1208 III
1403 1169 1433 1226 p.
1449 1150 1535 1227 498),
1562 1151 1649 1210 cuius

318 1249 413 1308 tribus
435 1250 565 1307 nondum
586 1247 725 1318 innotuit,
748 1247 893 1322 Quirinae
915 1249 1084 1308 adscribere
1105 1251 1166 1308 iarn
1187 1250 1298 1308 licebit.

402 1350 438 1408 In
459 1350 621 1429 provinciis
643 1351 796 1410 Africanis
820 1357 962 1427 quantum
984 1353 1065 1424 novi,
1090 1353 1187 1411 adhuc
1209 1352 1284 1412 duae
1307 1363 1423 1414 tantum
1445 1357 1581 1416 civitates
1604 1358 1650 1414 in·

317 1462 478 1514 notuerunt
504 1473 522 1512 a
548 1453 662 1513 Flaviis
689 1453 922 1530 imperatoribus
951 1455 1141 1525 constitutae,
1168 1475 1275 1534 nempe
1302 1458 1423 1516 colonia
1444 1458 1553 1517 Flavia
1574 1459 1650 1517 Am-

317 1558 459 1616 maedara
481 1556 604 1632 (Renicr
627 1556 708 1615 3194
725 1581 761 1606 =
774 1557 834 1614 vol.
851 1554 930 1614 VIII
951 1577 980 1614 n.
997 1555 1057 1615 302
1080 1564 1109 1616 et
1131 1558 1236 1616 titulus
1259 1558 1356 1618 adhuc
1376 1561 1505 1619 ineditus
1528 1581 1547 1620 a
1568 1561 1649 1619 Wil-

317 1661 454 1720 mannsio
476 1667 611 1736 repertus
634 1665 663 1716 et
685 1657 846 1734 aliquando
869 1659 1002 1717 edendus
1029 1659 1068 1718 ib.
1091 1659 1207 1731 1308,
1231 1661 1282 1720 ubi
1301 1662 1389 1737 plene
1410 1663 1521 1740 legitur
1535 1663 1651 1722 colonia

319 1763 428 1822 Flavia
455 1761 589 1837 Aaqnsta
615 1763 759 1819 Aemerita
785 1759 994 1836 Ammaedara)
1024 1769 1054 1818 et
1081 1760 1212 1820 Icosium
1239 1771 1315 1821 teste
1343 1763 1444 1822 Plinio
1470 1765 1499 1838 5,
1517 1764 1545 1837 2,
1562 1765 1602 1822 20
1631 1786 1650 1823 a

317 1865 509 1942 Vespasiano
540 1863 620 1922 Latii
653 1864 717 1922 1111
751 1862 901 1922 donatum.
945 1861 1113 1939 Utramque
1147 1884 1208 1922 rem
1240 1865 1392 1940 publicam
1420 1865 1565 1940 Quirinae
1598 1869 1649 1927 ad-

317 1973 461 2046 scriptam
482 1967 576 2026 fuisse
599 1973 746 2025 testantur
767 1965 844 2024 tituli
866 1985 885 2023 a
907 1963 1104 2024 Grotefendio
1125 1967 1146 2024 l.
1162 1985 1188 2025 c.
1211 1987 1239 2044 p.
1259 1967 1326 2026 156.
1353 1968 1411 2026 162
1433 1970 1528 2028 allati.

399 2069 539 2146 Denique
562 2078 591 2127 11
611 2069 767 2128 Massiliae
789 2067 971 2144 (Grotefend
992 2069 1012 2125 l.
1029 2087 1054 2126 1.
1077 2089 1106 2144 p.
1126 2069 1198 2144 119)
1221 2078 1251 2129 11
1272 2071 1304 2128 11
1325 2071 1467 2130 universa
1487 2081 1571 2148 parte
1593 2073 1650 2130 im-

199 2165 211 2188 ·
316 2174 392 2251 perii
416 2171 533 2232 Graeca
558 2172 652 2231 tribus
676 2169 805 2244 Quirina
830 2171 872 2229 ita
893 2171 1071 2242 dominatur,
1098 2179 1130 2228 ut
1156 2173 1207 2248 qui
1233 2191 1272 2230 ex
1297 2173 1335 2230 iis
1357 2173 1493 2248 partibus
1516 2175 1554 2234 ad
1575 2175 1650 2234 civi-

316 2285 407 2336 tatem
438 2275 607 2334 Romanam
640 2274 789 2350 singulari
821 2274 885 2332 iure
918 2274 1108 2349 perveniunt,
1141 2273 1169 2331 ei
1206 2275 1396 2350 potissimum
1429 2276 1648 2336 adscribantur.

318 2379 431 2438 Contra
457 2377 593 2436 coloniae
620 2377 731 2436 civium
753 2376 957 2435 Romanorum
979 2385 1009 2434 et
1031 2377 1117 2451 siqua
1138 2376 1198 2435 alia
1219 2377 1332 2452 oppida
1353 2377 1493 2438 universa
1515 2378 1554 2437 ad
1576 2380 1650 2438 civi·

316 2491 407 2540 tatem
434 2481 568 2540 admissa
595 2479 797 2550 inveniuntur,
823 2479 855 2536 in
881 2479 950 2538 aliis
975 2479 1037 2537 1111
1064 2479 1201 2536 tribubus
1228 2480 1433 2538 censebantur.
1481 2479 1581 2554 Quam
1609 2483 1649 2540 ob

316 2605 379 2642 rem
401 2584 452 2641 lex
473 2583 603 2641 fortasse
625 2581 673 2640 his
694 2581 857 2656 provinciis
881 2582 951 2640 data
979 2589 1026 2639 est
1047 2581 1152 2640 similis
1175 2581 1211 2652 11,
1234 2599 1323 2657 quam
1344 2584 1376 2640 in
1398 2581 1550 2659 Hispania
1571 2585 1648 2643 obti-

315 2687 418 2744 nuisse
445 2685 583 2756 vidimus,
610 2693 643 2742 11
668 2685 847 2760 quicumque
868 2683 909 2740 ibi
936 2683 1090 2759 personali
1115 2683 1274 2762 privilegio
1302 2684 1453 2744 civitatem
1478 2685 1648 2746 Romanam

316 2789 444 2866 adeptus
466 2795 556 2858 esset,
577 2787 609 2844 11
633 2784 791 2860 Quirinam
812 2786 984 2858 referretur3
1009 2787 1090 2862 quod
1111 2787 1137 2844 si
1158 2785 1202 2844 ita
1223 2795 1277 2858 111,
1307 2787 1371 2846 1111
1394 2788 1471 2866 legis
1494 2797 1648 2848 auctorem

316 2905 376 2950 non
399 2893 464 2950 sine
485 2907 576 2949 causa
597 2889 779 2950 coniciamus
807 2887 904 2947 fuisse
926 2886 1146 2964 Vespasianum
1168 2889 1216 2948 vel
1246 2889 1373 2947 11111111
1395 2899 1494 2948 utrum
1515 2891 1649 2950 filiorum

316 2994 391 3052 eius.
435 2991 541 3069 Neque
562 3002 662 3051 tamen
684 2993 758 3051 haee
780 2991 927 3050 contendo
950 2991 993 3049 ita
1013 2991 1117 3062 111111,
1141 2992 1194 3049 sed
1215 3009 1287 3048 1111
1309 2991 1352 3050 111
1372 2992 1505 3052 11111111
1525 2993 1648 3066 fuerint,

316 3115 428 3172 quaero
457 3097 495 3154 ab
524 3097 570 3166 iis,
605 3095 716 3172 quibus
743 3101 827 3154 aetas
847 3101 876 3153 et
902 3093 995 3153 otium
1022 3093 1168 3154 eiusmodi
1196 3093 1363 3153 studiorum
1391 3096 1649 3173 opportunitatem

315 3199 555 3260 subministrant.

400 3300 476 3360 Dixi
497 3301 534 3359 de
555 3300 785 3378 imperatoribus
808 3299 894 3358 Iuliis
918 3297 1052 3358 Claudiis
1075 3298 1190 3358 Flaviis
1197 3319 1205 3370 3
1229 3309 1366 3375 superest
1387 3309 1420 3359 ut
1440 3301 1662 3378 dispiciamus,.

316 3425 386 3464 num
410 3405 606 3480 imperatores
629 3403 735 3462 domus
758 3403 831 3474 eius,
855 3403 938 3462 cuius
961 3401 1064 3462 Nerva
1084 3401 1225 3478 princeps
1247 3411 1303 3474 est,
1330 3421 1433 3462 omnes
1457 3405 1647 3463 substiterint

315 3509 347 3566 in
369 3505 501 3566 eiusdem
523 3506 603 3564 tribu
623 3505 756 3582 Papiria.
800 3505 872 3580 Ipse
895 3503 998 3563 Nerva
1024 3522 1095 3563 sane
1122 3504 1210 3563 aliam
1237 3505 1350 3562 nullam
1372 3505 1486 3579 babuit,
1514 3507 1647 3566 credide·

315 3610 430 3685 rimque
461 3615 620 3686 propterea
652 3612 770 3666 unicam
800 3607 947 3666 coloniam
977 3607 1014 3664 ab
1043 3625 1078 3666 eo
1105 3607 1298 3679 nominatam,
1329 3627 1436 3686 nempe
1461 3607 1647 3669 Nervianam

315 3713 485 3790 Augustam
506 3711 676 3770 Martialem
705 3719 914 3768 veteranorum
936 3706 1123 3770 Sitifensium
1149 3710 1180 3766 in
1201 3709 1399 3783 Mauretania,
1426 3710 1457 3768 in
1485 3711 1566 3770 tribu
1587 3711 1646 3770 Pa·

315 3815 393 3892 piria
414 3815 515 3890 potins
536 3813 632 3872 fuisse
647 3832 737 3890 quarn
759 3813 789 3870 in
804 3813 955 3885 Arniensi,
978 3829 1045 3870 cum
1065 3813 1223 3888 utriusque
1244 3812 1340 3870 tribus
1362 3813 1443 3872 tituli
1465 3831 1560 3890 aequo
1583 3815 1647 3873 1111

315 3935 437 3975 numero
463 3935 502 3974 ex
529 3915 684 3992 parietinis
708 3913 900 3976 Sitifensibus
926 3914 1091 3990 prodierint
1118 3914 1159 3991 (v.
1182 3911 1348 3973 Gratesend
1373 3915 1435 3974 1.1.
1457 3915 1646 3992 1163).-

314 4020 358 4076 At
379 4019 491 4095 posteri
513 4018 577 4076 eius
600 4035 781 4092 quamquam
806 4017 869 4075 iure
892 4034 995 4074 omnes
1017 4017 1049 4075 in
1070 4015 1194 4092 Papiria
1216 4024 1309 4088 erant,
1337 4036 1403 4076 cum
1427 4036 1529 4076 omnes
1552 4018 1648 4096 adop·

314 4119 404 4178 tionis
427 4121 491 4179 iure
511 4120 567 4178 filii
588 4120 686 4178 locum
708 4119 807 4196 adepti
834 4127 943 4192 essent,
970 4118 1082 4194 pariter
1103 4126 1192 4194 atque
1214 4121 1371 4196 Augustus
1393 4127 1423 4178 et
1449 4119 1563 4178 Fabiae
1589 4121 1648 4180 fuit

315 4229 346 4280 et
373 4219 522 4298 Scaptiae,
551 4229 669 4298 praeter
695 4223 859 4298 legitimam
884 4222 967 4280 illam
996 4221 1078 4292 item,
1106 4222 1132 4279 si
1159 4221 1251 4280 verbo
1280 4222 1368 4280 venia
1396 4229 1450 4294 est,
1478 4223 1647 4283 naturalem

314 4325 474 4396 habebant,
502 4333 531 4382 et
559 4333 591 4382 ut
619 4343 637 4381 a
664 4326 784 4383 nomine
813 4323 933 4384 Cocceii
960 4323 1174 4398 abstinuerunt,
1203 4323 1255 4382 sed
1281 4323 1431 4382 Traianus
1461 4321 1585 4400 Ulpium
1613 4344 1648 4385 se

314 4445 384 4487 esse
410 4427 513 4500 voluit,
540 4425 714 4486 Hadrianus
743 4427 864 4486 Aelium
892 4434 922 4486 et
948 4427 990 4485 111
1017 4426 1168 4504 deinceps,
1195 4426 1239 4483 ita
1263 4425 1328 4485 fieri
1350 4433 1458 4502 potest,
1482 4427 1567 4485 utin
1589 4428 1648 4488 hac

314 4529 541 4588 honorificentia
573 4530 680 4588 tribum
713 4547 836 4606 quoque
866 4529 1033 4588 naturalem
1065 4547 1120 4604 pro
1153 4527 1288 4606 legitima
1320 4529 1501 4606 usurparint.
1546 4528 1587 4586 Et
1613 4549 1647 4588 re

314 4651 386 4692 vera
413 4651 480 4691 cnm
507 4631 671 4691 Traianum
697 4633 915 4709 reppererimus
943 4632 1008 4690 sola
1034 4631 1159 4708 Papiria
1183 4646 1270 4689 usum
1300 4647 1376 4702 esse,
1407 4629 1583 4690 Hadrianus
1609 4651 1647 4690 ea

315 4735 429 4794 omissa
451 4735 541 4793 aliam
569 4745 686 4794 secutus
709 4743 755 4792 est
779 4734 946 4793 naturalem
969 4742 999 4791 et
1021 4733 1078 4792 sibi
1100 4740 1129 4792 et
1154 4733 1213 4810 ipsi
1234 4732 1366 4792 Traiano
1388 4741 1490 4810 utpote
1511 4733 1647 4794 oriundis

315 4855 354 4894 ex
368 4837 474 4896 Italica
489 4837 630 4896 Baeticae
657 4837 810 4912 adscripta
831 4837 921 4894 tribui
938 4834 1059 4912 Sergiae
1077 4833 1259 4912 (Grotefcnd
1279 4835 1299 4892 l.
1315 4853 1339 4894 c.
1362 4854 1392 4912 p.
1411 4835 1493 4912 110).
1537 4835 1646 4912 Neque

315 4939 395 4998 enim
427 4957 499 4998 casu
534 4940 646 5010 evenit,
685 4939 765 5016 quod
803 4939 833 4996 in
871 4957 908 4997 11
939 4939 1134 4997 censebantur
1170 4945 1231 4996 tam
1269 4937 1388 4996 colonia
1419 4937 1510 4996 Aelia
1541 4937 1646 4996 Mursa

316 5041 390 5116 (vol.
409 5041 457 5099 III
482 5061 511 5119 p.
527 5040 602 5117 423)
631 5059 720 5118 quam
749 5040 942 5116 municipium
968 5040 1088 5100 Aelium
1118 5037 1303 5099 Carnuntum
1337 5039 1410 5114 (vol.
1426 5039 1476 5097 III
1501 5057 1530 5114 p.
1553 5039 1644 5115 550);

290 5135 424 5218 'quibus
456 5143 587 5202 fortasse
621 5143 692 5202 addi
722 5142 833 5218 poterit
869 5141 1026 5218 Nicopolis
1062 5142 1101 5200 ad
1136 5142 1261 5214 Istrum,
1299 5161 1389 5218 quam
1424 5140 1520 5200 eidem
1553 5141 1645 5200 tribui

315 5243 497 5322 adscriptam
522 5244 617 5304 fuisse
643 5245 703 5303 iam
729 5251 848 5303 constat
874 5243 947 5320 (vol.
963 5244 1012 5303 III
1036 5265 1065 5302 n.
1083 5244 1164 5304 6144
1192 5244 1227 5304 cf.
1256 5244 1316 5303 vol.
1338 5242 1400 5302 v11
1424 5243 1644 5321 nonaeque

315 5345 513 5426 improbabile
536 5354 582 5404 est
603 5346 770 5405 ordinatam
791 5364 858 5406 esse
879 5348 917 5406 ab
938 5345 1103 5406 Hadriano.
