3596 6040
435 556 441 560 ”
547 560 621 610 Lux
646 561 813 610 METALLI
839 560 1091 612 VIPASCENSIS.
1415 547 1484 616 169

239 730 310 792 Non
338 732 446 792 desunt
473 738 605 807 omnino,
633 739 665 793 ut
691 733 769 794 solet
795 734 931 793 accidere
957 734 1048 794 etiam
1075 735 1105 792 in
1131 735 1273 812 publicae
1301 738 1487 798 auctoritatis

154 835 374 909 instrumentis,
401 855 519 895 errores
546 837 737 913 quadratarii.
781 836 864 894 Vitia
883 837 914 895 in
936 838 1054 916 postica
1078 837 1116 895 ab
1143 857 1178 895 eo
1205 841 1367 899 commissa
1395 859 1487 918 supra

155 938 301 1010 iudicavi3
324 938 355 996 in
378 939 477 997 antica
499 939 611 1016 scripta
633 947 704 998 sunt
724 938 788 998 r.9
810 940 909 998 debera
929 957 985 1016 pro
1007 941 1102 999 debari
1123 939 1192 1016 (sed
1208 941 1308 999 lauare
1323 962 1351 1000 v.
1367 942 1405 1000 27
1426 962 1485 1002 555

154 1041 272 1100 videtur
292 1042 467 1100 mutandum
490 1059 557 1100 esse
577 1042 608 1099 in
631 1041 749 1118 1555),
774 1042 808 1100 11
833 1057 885 1101 xc
905 1061 962 1118 pro
983 1058 1034 1100 xl.
1058 1042 1105 1118 (ut
1125 1043 1271 1119 videtur),
1294 1042 1332 1101 22
1356 1054 1405 1103 tou
1426 1065 1486 1104 mu-

154 1143 273 1202 lieribus
296 1144 341 1218 (in
363 1144 481 1220 postica
502 1155 560 1202 turn
582 1145 725 1222 scriptum
747 1142 823 1220 est);
850 1144 910 1202 nisi
934 1144 992 1204 hoc
1014 1146 1164 1204 sermonis
1186 1145 1346 1205 rusticitati
1369 1147 1485 1206 cuidam

153 1245 318 1305 attribuere
345 1247 450 1304 mavis.
496 1244 585 1320 Quod
612 1265 639 1304 v.
664 1245 701 1304 27
731 1247 829 1305 lunare
855 1257 961 1322 turpare
986 1265 1165 1324 aequareque
1192 1249 1336 1324 scriptum
1358 1257 1405 1307 est
1425 1249 1486 1308 for·

152 1356 234 1406 tasse
250 1357 281 1406 et
301 1348 401 1426 ipsum
416 1349 511 1408 errori
533 1350 737 1422 tribuendum
759 1367 828 1408 nam
847 1350 927 1425 quod
949 1349 980 1407 in
1001 1351 1120 1426 postica
1141 1350 1251 1427 legitur
1266 1351 1365 1410 lauare
1380 1361 1486 1427 terpora

152 1469 277 1526 sapuere
299 1451 413 1510 omissa
434 1452 583 1527 particula
604 1451 773 1528 copulativa
794 1452 891 1527 magis
914 1452 1075 1529 respondet
1096 1453 1304 1512 consuetudini
1327 1455 1484 1512 sermonis.

152 1549 254 1612 Semel
283 1553 461 1612 vocabulum
488 1553 632 1612 omissum
660 1561 716 1625 est,
750 1553 802 1612 sed
828 1571 930 1612 errore
955 1554 1092 1630 proclivi,
1125 1573 1192 1613 cunr
1220 1555 1299 1614 idem
1328 1556 1487 1632 praecedat

150 1653 226 1731 (eius
249 1675 279 1712 v.
304 1654 351 1731 6);
375 1656 468 1714 semel
490 1675 523 1714 uc
545 1656 664 1733 syllaba
685 1655 796 1714 excidit
817 1675 845 1714 v.
869 1657 918 1714 47.

234 1757 365 1816 Dicendi
387 1758 597 1834 scribendique
618 1758 696 1816 ratio
722 1758 754 1816 in
775 1759 832 1818 hac
852 1759 918 1836 lege
943 1759 1103 1818 observata
1123 1768 1301 1820 vetustatem
1324 1762 1483 1836 quandam,
1516 1763 1607 1815 Sermo

149 1859 250 1935 qualis
272 1860 304 1918 in
329 1860 394 1919 iure
422 1860 503 1919 civili
524 1869 554 1919 et
579 1861 699 1938 publico
721 1860 833 1920 diutius
861 1862 972 1920 mansit
993 1881 1083 1938 quam
1107 1862 1138 1920 in
1164 1863 1363 1921 litteratorum
1391 1863 1483 1922 homi·
1529 1846 1592 1910 ¹⁰3ss

148 1981 220 2018 num
237 1980 305 2035 usu,
328 1969 523 2038 temperatam
544 1962 608 2022 fere
623 1963 745 2021 exbibet
760 1963 973 2023 consuetudine
989 1984 1042 2041 per
1061 1973 1159 2022 totum
1182 1965 1335 2023 saeculum
1357 1966 1485 2042 primum

148 2064 319 2122 observata.
363 2065 419 2138 Ita,
443 2065 466 2124 si
490 2084 509 2122 a
531 2065 680 2123 vocalium
702 2082 761 2124 usn
784 2066 954 2143 incipimus,
982 2074 1100 2126 vetusto
1127 2085 1209 2126 more
1233 2067 1404 2126 scribuntur
1426 2068 1485 2125 cl-

148 2185 211 2224 555
226 2186 255 2223 v.
274 2165 323 2239 23,
345 2168 513 2226 vendundas
530 2167 578 2238 14,
599 2185 736 2243 proxumo
753 2168 791 2226 49
815 2167 881 2242 (sed
898 2171 1067 2242 sanandum
1082 2169 1121 2227 48
1137 2169 1184 2227 515
1199 2178 1229 2227 51
1243 2173 1403 2228 tricensimo
1420 2168 1483 2246 26).

149 2268 254 2326 Etiam
276 2269 357 2344 quod
379 2269 576 2345 lupinaedinae
598 2269 738 2328 scribitur
759 2288 787 2326 v.
803 2269 842 2328 48
860 2271 909 2342 54,
932 2290 992 2329 555
1015 2273 1199 2346 lapicidinae,
1221 2271 1319 2330 forma
1339 2272 1420 2330 iusta
1441 2280 1485 2330 at·

149 2390 205 2448 que
230 2371 352 2430 aliunde
373 2371 434 2429 iam
457 2380 528 2430 nota
547 2369 834 2448 (0.1.L.11175)‚
857 2381 887 2430 51
907 2391 980 2432 aena
998 2370 1036 2432 25
1059 2393 1114 2450 pro
1134 2375 1227 2431 alana
1249 2373 1379 2449 optimae
1402 2383 1484 2431 aeta·

148 2474 186 2534 tis
208 2474 325 2534 indicia
346 2481 424 2533 sunt.
467 2475 502 2532 In
526 2474 712 2534 calciamenta
734 2474 882 2551 scriptura
903 2495 932 2532 v.
956 2473 994 2533 32
1018 2475 1057 2533 35
1079 2495 1135 2552 pro
1158 2476 1348 2535 calceamenta
1370 2477 1421 2534 lex
1443 2483 1484 2534 te·

148 2583 238 2634 netur
258 2576 289 2632 in
312 2576 412 2634 brevis
436 2577 550 2636 vocalis
578 2595 643 2635 curn
665 2595 685 2634 u
710 2577 811 2634 littera
836 2595 981 2635 concursu
1008 2596 1101 2653 paene
1128 2586 1299 2636 constanter
1325 2579 1485 2636 observata

147 2699 166 2737 a
187 2678 419 2750 vetustioribus3
442 2677 570 2737 fortasse
590 2679 677 2736 etiam
690 2681 890 2753 pittaciarium
911 2679 1009 2737 forma
1025 2699 1052 2737 v.
1068 2679 1108 2738 58
1126 2681 1182 2738 huc
1204 2681 1350 2740 trahenda
1370 2698 1425 2758 pro
1447 2700 1483 2738 eo

148 2781 231 2858 quod
254 2799 321 2840 esse
343 2781 441 2858 potuit
458 2783 671 2856 pittaceariurn.
717 2778 862 2840 Similiter
883 2789 963 2840 recte
984 2786 1119 2841 senariae
1140 2803 1168 2840 v.
1188 2783 1226 2841 53
1250 2783 1401 2853 scribitur,
1424 2801 1484 2841 non

148 2903 300 2954 accursum
324 2884 377 2942 sed
399 2892 499 2942 tamen
520 2887 647 2941 scaureis
663 2903 690 2940 v.
707 2883 746 2940 47
770 2901 829 2941 non
852 2887 977 2942 senariis
992 2903 1047 2944 nec
1063 2888 1177 2944 securis
1199 2904 1265 2944 cum
1289 2885 1417 2961 quadam
1439 2886 1484 2942 in-

149 2986 332 3059 constantia,
356 3005 445 3063 quam
467 2985 555 3043 etiam
578 2985 608 3042 in
631 3005 666 3042 eo
687 2985 849 3044 observare
870 2986 940 3044 licet
962 2987 1041 3062 qnod
1063 2987 1109 3046 bis
1132 2991 1168 3046 iia
1192 2987 1334 3064 scriptum
1358 2986 1482 3046 55152

150 3091 198 3160 14,
221 3090 294 3148 item
313 3091 464 3164 praeconii
488 3089 536 3159 10,
559 3087 611 3145 sed
634 3096 738 3146 contra
760 3089 817 3147 alis
839 3107 894 3165 pro
916 3089 986 3147 aliis
1007 3089 1046 3147 50
1069 3097 1100 3147 et
1121 3093 1262 3148 territoria
1283 3089 1332 3148 38.
1376 3088 1483 3165 Neque

147 3201 336 3251 contractum
363 3200 417 3261 est,
447 3201 479 3248 nt
504 3191 567 3249 iere
594 3190 708 3248 obtinet
729 3191 810 3266 apud
833 3192 1023 3262 vetustiores,
1045 3193 1176 3268 praeerit
1199 3193 1230 3249 in
1254 3195 1368 3268 praerit
1387 3213 1415 3250 v.
1433 3190 1482 3249 21.
1525 3213 1533 3230 ·

147 3293 242 3354 Vides
269 3294 363 3372 igitur
388 3311 448 3352 non
474 3312 565 3352 unam
594 3293 725 3368 aliquam
753 3301 863 3350 certam
892 3293 1045 3352 observari
1067 3295 1244 3371 disciplinae
1270 3295 1483 3373 grammaticae

147 3415 295 3456 normam.
389 3423 392 3430 ¹

229 3499 300 3558 Huc
322 3500 411 3557 etiarn
434 3498 611 3557 trahendum
627 3497 744 3556 videtur
758 3499 840 3574 quod
861 3499 875 3556 l
896 3499 987 3576 longa
1006 3501 1037 3557 in
1058 3499 1214 3559 scribendo
1231 3500 1388 3560 adhibetur
1402 3507 1483 3560 recte

147 3604 279 3679 quidem,
305 3602 335 3660 id
363 3611 409 3660 est
434 3602 465 3658 in
492 3600 590 3659 vocali
617 3601 763 3678 producta
790 3601 864 3670 sola,
892 3621 988 3678 neque
1009 3621 1081 3660 vero
1108 3610 1286 3661 constanter.
1332 3601 1482 3678 Scriptum

147 3707 227 3763 enirn
249 3714 297 3763 est
319 3703 359 3762 rls
375 3723 402 3762 v.
421 3703 438 3760 2
457 3704 495 3761 14
510 3703 694 3762 renarronls
710 3703 748 3762 38
764 3703 832 3761 auls
854 3703 903 3775 50,
926 3704 1094 3763 rnascorul
1113 3706 1151 3762 10
1166 3704 1195 3761 sl
1211 3702 1385 3764 25155551
1401 3721 1482 3764 con-

146 3811 287 3868 nvcronl
309 3807 347 3865 39
368 3807 405 3864 41
431 3807 467 3863 51
490 3805 528 3864 53
553 3804 581 3863 sl
603 3806 657 3874 303
684 3814 839 3881 praeterea
861 3805 1028 3863 annlxsrur
1050 3807 1066 3862 7
1092 3805 1247 3864 5515120
1271 3805 1482 3864 rousrnlnvm

147 3909 186 3968 38
210 3911 262 3969 bis.
307 3906 368 3968 Sed
393 3909 452 3966 hoc
479 3925 609 3984 quoque,
637 3925 702 3964 cunr
731 3906 806 3964 alias
831 3923 951 3982 quoque
977 3907 1094 3966 litteras
1124 3926 1216 3984 supra
1243 3907 1352 3965 lineam
1376 3909 1481 3966 extolli

146 4013 311 4082 videamus,
340 4018 374 4070 51
393 4011 468 4082 dixi,
496 4011 548 4068 vix
575 4018 675 4068 certae
701 4008 913 4067 consuetudini
936 4009 1135 4068 tribuendum.
1179 4009 1349 4067 Productae
1371 4010 1449 4067 enim
1472 4014 1483 4066 i

146 4115 263 4173 litterae
286 4115 379 4172 multo
402 4114 505 4189 plnres
528 4132 547 4169 a
568 4111 712 4187 correptis
734 4130 794 4171 non
814 4110 1045 4188 distinguuntur.
1091 4111 1205 4173 Similis
1227 4113 1429 4170 inconstantia
1448 4113 1481 4171 in

146 4217 273 4294 reliquis
295 4215 407 4274 tabulis
428 4215 575 4292 Hispanis
599 4215 786 4274 observatur.

228 4320 263 4378 In
286 4319 522 4377 consonantibus
544 4317 624 4394 quod
644 4317 664 4373 lc
686 4317 824 4376 scribitur
847 4329 915 4378 ante
938 4340 965 4390 a,
995 4328 1028 4377 ut
1054 4318 1195 4395 oportuit,
1221 4320 1252 4376 in
1280 4318 1413 4378 kalendis
1443 4319 1479 4376 17

147 4422 186 4480 20
209 4422 249 4481 50
276 4431 306 4479 51
326 4421 471 4496 1555111555
496 4421 532 4478 17
557 4418 607 4491 20,
635 4419 688 4478 sed
711 4424 808 4496 cupita
831 4428 860 4479 51
883 4421 1087 4497 capitularium
1112 4419 1149 4477 12
1175 4421 1223 4493 13,
1253 4429 1389 4481 tenemus
1411 4441 1479 4480 ean·

145 4524 212 4582 dem
233 4524 483 4582 inconstantiam
521 4521 604 4580 Nota
626 4522 732 4580 deinde
758 4525 954 4582 vetustiorum
981 4524 1194 4583 consuetudine
1216 4523 1346 4581 dentalis
1368 4525 1399 4581 in
1421 4524 1480 4582 fine

145 4627 262 4685 acuitur
286 4626 317 4684 in
345 4626 419 4684 aliut
445 4625 484 4684 28
515 4625 564 4696 33,
593 4625 645 4682 sed
673 4627 752 4698 apud
778 4626 920 4684 scribitur
947 4627 986 4685 60
1013 4635 1042 4684 et
1069 4635 1190 4684 cavetur
1216 4647 1235 4682 a
1256 4627 1334 4700 quod
1360 4633 1389 4682 et
1414 4637 1482 4699 quot

146 4728 372 4787 confundendis.
418 4726 596 4786 Geminatur
623 4745 792 4784 consonans
826 4728 857 4784 in
883 4731 1087 4786 5555555115
1115 4729 1154 4785 49
1182 4737 1275 4797 recte;
1303 4735 1382 4784 recte
1409 4728 1480 4784 item

146 4836 272 4906 quoneas
295 4831 335 4889 30
363 4829 504 4888 scribitur
531 4838 561 4887 51
586 4831 748 4888 tricensima
772 4827 821 4901 26,
849 4829 902 4887 sed
930 4848 1043 4888 55555
1065 4831 1102 4887 47
1127 4848 1222 4906 paene
1244 4829 1367 4887 rustice.
1410 4828 1480 4888 Non

146 4933 353 4992 assimilantur
379 4939 577 4990 consonantes
599 4929 868 5005 1555519551525
896 4937 926 4988 51
947 4935 1068 5007 inpensa
1092 4932 1129 4989 19
1151 4931 1301 5006 inpuberes
1325 4929 1378 5002 24;
1401 4941 1480 4990 recte

146 5045 250 5094 contra
271 5038 420 5094 55551555
436 5034 474 5093 39
498 5033 648 5092 scribitur.
690 5031 802 5090 Errore
823 5033 925 5108 potius
948 5051 1037 5108 quarn
1060 5040 1142 5091 certa
1165 5053 1203 5091 ex
1225 5032 1292 5110 lege
1314 5044 1364 5092 155
1382 5034 1479 5092 mulie-

146 5139 224 5196 ribus
247 5135 286 5195 22
311 5137 455 5212 scripturn
477 5153 545 5194 esse
568 5153 661 5212 snpra
686 5135 746 5192 iam
774 5133 848 5191 dixi.
892 5132 1072 5192 Constanter
1100 5136 1329 5195 consonantium
1356 5155 1480 5195 coneur-

147 5255 198 5299 sus
224 5240 338 5298 vitatur
366 5239 397 5296 in
420 5239 530 5297 balineo
556 5237 592 5296 19
616 5245 661 5296 ter
684 5235 722 5296 28
746 5236 799 5307 30;
828 5237 882 5294 sed
903 5236 1046 5313 calsumre
1066 5235 1104 5294 20
1128 5237 1269 5297 scribitur
1290 5257 1351 5297 non
1373 5239 1479 5312 calesu·
