3632 6040
410 609 461 658 AD
488 609 629 662 FASTOS
656 609 896 662 CONSVLARES
924 609 1183 662 CAPITOLINOS.
1413 593 1457 660 15

129 781 247 856 solique
272 779 430 840 Sardiniae
452 783 604 858 prioribus
628 783 759 859 Augusti
782 783 1033 859 temporibus]—
1051 785 1089 840 A.
1112 783 1243 841 Licinius
1265 787 1300 841 A.
1318 785 1347 857 s.
1371 785 1408 842 A.
1430 803 1459 841 a.

128 884 229 940 Nerua
252 883 401 943 Siliauus:
422 885 459 942 cf
483 883 561 942 velt.
586 883 614 955 2,
633 886 701 958 116,
718 887 750 944 4:
779 885 813 944 P.
838 882 897 943 sat
920 887 1001 962 pilius
1024 885 1118 961 (quem
1140 888 1232 943 virum
1252 905 1287 944 ae
1308 890 1358 962 qui
1378 886 1461 944 intel-

128 985 195 1043 iaait
215 988 331 1061 quidem
354 987 465 1045 abunde
491 991 613 1046 miratus
640 997 690 1057 est,
718 997 749 1046 ut
770 987 844 1044 aiiii
864 1007 919 1046 aori
942 992 1045 1063 optimc
1068 991 1132 1057 civi,
1160 989 1371 1063 sirnpiicissimo
1394 989 1461 1046 duci

124 1087 259 1164 perisset)
280 1099 452 1165 praereptus
474 1093 666 1148 immutasset
681 1091 784 1164 fructa
804 1089 999 1164 amplissimae
1018 1093 1164 1166 principis
1186 1093 1328 1149 amicitiae
1350 1101 1374 1148 ct
1395 1108 1460 1147 cca·

127 1194 312 1248 summatione
339 1201 447 1250 euectae
472 1195 503 1248 in
525 1192 696 1250 altissimum
713 1201 920 1267 paternumque
935 1195 1089 1268 suscipiam
1110 1193 1315 1266 mapuitudinis
1337 1193 1459 1266 desectus

127 1303 175 1349 est.
221 1293 386 1368 [Maiarum
410 1313 449 1350 ex
472 1294 633 1370 adoptione
656 1294 777 1352 nomina
799 1311 878 1351 nunc
900 1293 1018 1352 demam
1040 1294 1269 1370 cognoscimus}
1287 1293 1459 1352 -Licinio

126 1394 245 1452 Nervae
273 1397 332 1453 hoc
361 1414 439 1452 anno
468 1396 623 1454 suffectum
649 1414 716 1454 esse
742 1395 891 1454 Lucilium
919 1395 1068 1472 Longum,
1096 1393 1246 1454 Creticum
1279 1416 1333 1473 per
1364 1405 1458 1454 totum

128 1516 236 1554 annum
261 1498 361 1555 fasces
384 1499 516 1574 gessisse
538 1497 701 1556 ostendunt
729 1497 798 1555 fasti
823 1498 1003 1555 Amiternini
1026 1498 1118 1574 (Aug.
1144 1497 1206 1572 10),
1228 1499 1257 1556 in
1281 1499 1390 1573 quibus
1413 1507 1460 1556 est

128 1600 236 1656 Cretico
265 1611 292 1658 et
318 1600 421 1675 Lampo
445 1619 509 1658 cos:
537 1601 574 1658 cf.
602 1601 748 1658 Marinius
778 1599 848 1657 Ara.
877 1619 904 1676 p.
925 1601 977 1670 153
1013 1599 1200 1675 Borghesius
1228 1619 1298 1676 opp.
1325 1601 1354 1672 5,
1383 1600 1458 1670 308;

128 1702 334 1761 Mommsenus
358 1703 388 1762 0.
411 1703 438 1760 Ι.
461 1702 499 1760 L.
526 1705 538 1760 l
565 1721 593 1777 p.
610 1702 680 1760 399.

692 1871 896 1880 ..n-*—

208 1991 341 2050 adolfus
356 1991 514 2072 Kiessling
536 2009 602 2050 cum
625 1993 655 2050 in
679 1992 764 2056 libris
780 1992 957 2050 Horatianis
980 1991 1172 2053 observasset
1193 1993 1318 2050 carmini
1340 2001 1457 2068 poetae,

130 2095 206 2170 quod
224 2103 364 2170 quartum
388 2105 434 2152 est
455 2095 522 2152 libri
539 2095 636 2171 primi,
659 2095 824 2170 praescribi
847 2095 944 2152 solere
959 2095 1000 2151 ad
1015 2091 1139 2150 Sestium
1156 2093 1316 2164 Quirinum,
1338 2114 1405 2151 cum
1428 2095 1457 2152 in

127 2198 191 2272 ipso
214 2197 348 2254 carmine
371 2215 431 2254 non
454 2199 494 2254 sit
515 2198 574 2254 nisi
591 2179 682 2256 Sestii
699 2215 806 2254 nomen
822 2215 919 2272 neque
939 2196 1065 2253 alterum
1086 2195 1149 2252 ullo
1165 2195 1226 2253 alio
1248 2195 1314 2253 loco
1329 2216 1347 2253 a
1369 2204 1457 2272 poeta

129 2301 308 2369 enuntietur,
337 2319 390 2376 per
412 2299 528 2357 litteras
555 2319 601 2356 me
622 2299 828 2374 interrogavit,
854 2299 885 2355 in
911 2297 1055 2356 fastorum
1078 2316 1105 2354 a.
1130 2297 1186 2354 731
1214 2297 1349 2373 reliquiis
1371 2319 1389 2356 a
1410 2318 1457 2356 me

129 2403 211 2461 editis
235 2402 279 2460 sic

634 2543 648 2582 t.
669 2542 747 2582 sestius
766 2551 790 2592 p.
813 2539 829 2580 F
851 2521 917 2579 VIBI
938 2550 952 2578 n

128 2708 241 2766 litterae
269 2708 340 2793 illae
367 2710 499 2785 quinque
526 2709 697 2768 dimidiatae
720 2727 818 2768 annon
843 2725 929 2780 Quat
952 2709 1054 2785 potius
1077 2707 1195 2766 suerint.
1239 2707 1285 2766 Re
1309 2727 1379 2766 vera
1399 2725 1456 2784 ego

127 2811 222 2886 lapide
245 2814 386 2868 acourate
406 2811 541 2888 inspecto
564 2830 724 2889 superesse
746 2810 1021 2890 reppertquhhs.
1065 2809 1172 2885 Neque
1199 2811 1291 2885 igitur
1316 2811 1376 2868 iam
1402 2811 1456 2867 du-

127 2913 211 2970 bitari
234 2913 324 2972 debet
345 2913 382 2970 de
404 2914 546 2972 lectione:
929 2905 938 2910 ³

574 3071 587 3110 1.
609 3070 689 3111 sarm
707 3068 767 3120 ps.
790 3071 802 3110 ι.
824 3080 845 3110 n.
868 3049 1011 3122 ancialum

206 3237 254 3294 De
280 3237 337 3294 hoc
359 3255 413 3294 suo
436 3238 556 3296 invento
580 3247 738 3314 postquam
762 3239 826 3314 ipse
846 3237 1053 3313 Kiesslingius
1076 3239 1220 3313 exposuit
1243 3237 1293 3312 (de
1313 3237 1455 3294 Horatia-

128 3357 229 3396 norum
252 3340 417 3398 carminum
441 3341 687 3416 inscriptionibus
710 3341 1022 3399 commentatiuncula.
1068 3333 1326 3416 Gryphisvaldiae
1351 3339 1454 3413 1876),

127 3459 179 3515 ego
200 3458 322 3518 quoque
344 3462 381 3498 ne
404 3443 434 3499 id
457 3461 509 3500 eos
531 3443 627 3519 fugiat
648 3445 699 3518 qui
721 3443 810 3500 fastis
833 3451 957 3500 utuntur
978 3461 1082 3500 curare
1105 3433 1202 3499 debui.

1173 3627 1212 3688 G.
1235 3628 1412 3704 sarzana)

129 3711 330 3720 ᾑ-

201 3919 225 3985 1)
246 3921 320 3981 Quae
340 3921 459 3983 leguntur
478 3922 546 3969 intra
566 3921 641 3969 unios
661 3919 808 3984 quadratos,
829 3920 923 3968 adiecit
942 3920 1127 3968 Mommsenus.
