3614 6054
390 580 463 650 282
984 600 1130 652 tonnam

390 774 429 834 55
444 799 480 822 =
494 773 562 832 add.
583 773 620 830 ad
646 771 735 832 1128.
753 806 790 816 -
807 774 843 832 Α.
863 772 952 831 1872.
996 772 1175 850 Fragmenta
1198 773 1256 832 duo
1278 775 1362 833 basis
1384 793 1565 834 marmoreae
1586 777 1695 836 alterum

430 876 478 952 (a)
499 885 649 954 repertum
682 886 715 934 ut
737 875 855 934 videtur
887 883 956 934 ante
982 896 1009 934 a.
1035 875 1113 935 1872
1147 877 1178 934 in
1210 877 1335 936 basilica
1355 877 1436 935 Iulia
1467 876 1576 952 (locum
1601 880 1698 938 indicat
1772 916 1773 960 p

430 978 580 1054 Henzen),
602 979 653 1036 ubi
676 978 831 1055 descripsi,
854 979 980 1036 alterurn
1003 977 1047 1053 (b)
1069 985 1220 1054 repertum
1243 978 1366 1038 111872
1390 988 1458 1038 ante
1479 981 1587 1056 gradus
1608 983 1697 1058 templi
1772 1033 1773 1046 .

431 1079 570 1140 Castoris
594 1079 650 1156 (ita
671 1079 773 1138 Brizio
795 1080 874 1138 Bull.
900 1080 990 1154 1872,
1013 1079 1088 1156 231)
1117 1081 1164 1138 rel
1185 1099 1279 1157 prope
1302 1081 1390 1140 bases
1412 1100 1536 1158 magnas
1557 1103 1574 1142 e
1594 1085 1698 1160 regione

431 1183 558 1259 positas,
580 1183 631 1241 ubi
654 1182 815 1242 secundum
838 1183 1027 1241 Relationem
1051 1203 1078 1241 a.
1097 1184 1175 1242 1873
1198 1203 1228 1259 p.
1244 1183 1283 1241 46
1296 1202 1320 1242 s.
1343 1191 1462 1261 reperta
1483 1197 1529 1244 est
1548 1181 1606 1244 ‘un’
1628 1187 1701 1244 iscri-

431 1286 517 1344 zione
538 1285 722 1344 dedicatoria
744 1285 774 1343 di
796 1305 837 1343 un
858 1285 983 1362 qualche
1006 1293 1197 1344 monumento
1221 1283 1465 1344 aValentiniano
1482 1287 1538 1344 Pio
1559 1307 1611 1365 per
1629 1300 1700 1365 parte

430 1388 460 1445 di
482 1389 589 1447 Flavio
612 1383 777 1447 Graziano’
805 1387 898 1463 (certe
924 1407 984 1447 non
1010 1389 1080 1446 novi
1109 1389 1199 1445 aliam
1225 1388 1451 1465 inscriptionem
1474 1389 1512 1446 ad
1534 1408 1619 1466 quarn
1640 1392 1700 1448 hacc
1773 1447 1774 1468 p

431 1492 522 1550 verba
543 1491 703 1567 quadrent:
726 1511 754 1550 v.
779 1508 871 1566 supra
892 1511 920 1567 p.
938 1491 1030 1568 261);
1057 1491 1135 1548 idem
1165 1490 1232 1548 dein
1254 1491 1432 1548 translatum
1454 1492 1485 1548 in
1507 1501 1633 1550 montem
1653 1493 1701 1550 Pa·
1773 1483 1774 1506 ³

430 1593 566 1666 latinum,
581 1613 661 1651 nuno
675 1594 767 1652 estin
783 1567 888 1652 museo'
901 1593 1111 1652 Kircheriano.
1133 1593 1185 1650 ubi
1201 1613 1267 1652 cum
1283 1593 1358 1652 vidit
1373 1593 1577 1653 Mommsenus
1592 1614 1617 1653 a.
1635 1595 1700 1653 1876

431 1696 551 1772 agnovit
572 1713 640 1754 esse
663 1715 728 1755 cum
751 1715 770 1754 a
793 1697 1040 1775 coniungendam.
1059 1730 1096 1740 —
1113 1696 1209 1755 deser.
1233 1695 1356 1754 Henaen
1378 1715 1466 1774 quem
1490 1715 1607 1774 sequor.

915 1853 934 1893 a

799 1987 1172 2032 crememrrssrm
1217 1989 1299 2038 ecfer

797 2089 1204 2134 rrsS1mo·rmrce·

796 2193 955 2236 maxim
1018 2191 1307 2243 ramo-mosara·

799 2294 990 2338 rmvrcro
1058 2276 1329 2337 ver-rora'maae.

798 2400 895 2441 'rara
937 2396 1031 2440 rore
1065 2396 1255 2440 r·v·cosm
1278 2409 1302 2448 ρ.
1322 2409 1346 2450 p.

800 2501 1014 2544 TVRRANI
1062 2497 1317 2544 scaenarum

431 2676 473 2733 A.
497 2671 557 2734 290
580 2694 608 2751 p.
632 2671 666 2732 C.

392 2875 442 2934 56.
458 2907 498 2917 -
514 2876 551 2932 Α.
569 2874 659 2933 1871.
703 2875 739 2932 In
761 2874 887 2933 basilica
909 2873 987 2931 Iulia
1008 2893 1071 2950 rep.
1098 2875 1135 2932 10
1152 2871 1235 2950 Sept.
1259 2875 1287 2933 h.
1310 2895 1337 2933 a.
1358 2875 1435 2933 inter
1456 2876 1623 2952 fragmenta
1642 2893 1705 2932 mar·

432 2996 535 3036 morea
557 2978 717 3052 omnigena
738 2977 838 3034 medio
861 2995 936 3034 aevo
959 2977 1146 3036 accumulata
1168 2978 1197 3035 in
1220 2977 1392 3053 pavimento
1415 2978 1452 3035 ad
1478 2979 1591 3038 calcem
1613 2977 1705 3034 facien-

432 3081 501 3138 dam
522 3075 584 3138 ‘nel
605 3087 706 3137 centro
728 3074 796 3136 dell'
818 3079 924 3138 ultima
945 3087 1055 3138 navata
1077 3097 1165 3139 verso
1186 3075 1326 3156 ponente'
1348 3080 1532 3142 Lancianius
1550 3081 1627 3140 Bull.
1647 3081 1703 3138 inst.
1776 3121 1777 3144 .

435 3183 526 3253 1871,
550 3181 620 3240 255.
668 3182 747 3241 idern
774 3182 865 3240 habet
885 3181 987 3240 Brizio
1009 3201 1065 3242 ms.
1092 3181 1171 3241 1872
1192 3180 1310 3260 ‘presso
1343 3183 1374 3240 la
1405 3182 1534 3242 colonna
1566 3185 1597 3242 di
1617 3176 1702 3251 Foca',
1776 3167 1777 3176 ἦ

433 3286 484 3344 ubi
506 3303 566 3343 non
587 3285 697 3343 inveni.

983 3385 1025 3429 SD

940 3489 1121 3534 Gvsroa

941 3590 1171 3636 1c1A·0mN1

969 3693 1065 3736 REN
1087 3695 1175 3738 TVR

393 3889 442 3946 57.
459 3921 498 3930 -
514 3889 551 3944 Α.
571 3887 660 3945 1871.
703 3887 813 3946 ibidem
837 3889 941 3947 eodem
963 3889 1030 3947 loco
1053 3895 1130 3947 teste
1151 3887 1316 3948 Lanoianio
1337 3889 1358 3946 l.
1382 3907 1410 3947 e.

1048 4043 1110 4087 V1c

966 4145 988 4188 0
1011 4158 1018 4173 ·
1041 4146 1078 4187 ET
1101 4159 1109 4174 ·
1133 4145 1152 4188 C

913 4273 918 4288 .
1009 4248 1117 4292 ΙΕΝΟ

396 4441 693 4501 58:3868-1.
713 4441 801 4501 1872.
844 4439 968 4499 ‘Blocco
995 4441 1025 4498 di
1053 4459 1167 4500 marmo
1195 4459 1263 4500 reso
1296 4441 1422 4500 informe
1454 4443 1535 4500 dalla
1567 4455 1707 4500 consuma-

435 4540 535 4603 zione'
556 4565 619 4623 rep.
643 4566 669 4604 a.
689 4543 767 4604 1872
794 4556 827 4604 ut
849 4545 965 4604 videtur
986 4543 1068 4601 haud
1089 4545 1215 4621 procula
1235 4564 1264 4602 n.
1288 4562 1333 4620 sq.
1356 4544 1473 4620 (Brizio
1496 4544 1577 4602 Bull.
1600 4545 1626 4601 d.
1648 4541 1705 4598 inst.

438 4645 528 4717 1872,
552 4645 642 4723 229);
669 4666 748 4706 nuno
775 4655 860 4705 extat
885 4649 962 4705 inter
985 4647 1147 4705 secundam
1170 4656 1199 4704 et
1220 4647 1339 4705 tertiam
1361 4647 1447 4705 basin
1471 4646 1503 4722 (a
1524 4645 1644 4705 meridie
1663 4660 1706 4699 nn·

435 4749 575 4826 moranti)
603 4750 654 4808 ubi
680 4749 801 4807 titulum
829 4761 858 4808 et
884 4748 971 4807 valde
998 4748 1137 4807 detritum
1166 4758 1195 4806 et
1220 4749 1251 4806 in
1278 4749 1375 4808 medio
1402 4750 1505 4808 nescio
1532 4767 1591 4824 quo
1613 4748 1705 4805 instru-

338 4882 341 4888 ·
436 4861 536 4911 mento
558 4853 618 4911 alte
640 4861 777 4911 cavatum
800 4852 959 4930 descripsi3
981 4852 1157 4931 recognovit
1178 4859 1209 4910 et
1229 4851 1360 4910 restituit
1382 4852 1597 4911 Mommscnus.

820 5007 1063 5058 paomdemtntmo
1086 5007 1179 5048 hostiam

788 5110 815 5151 de
852 5040 1145 5220 ICTQflofft—S—S-kimo
1168 5110 1301 5152 dominorum
1321 5122 1342 5152 n.

792 5180 995 5254 eomsvnroar
1021 5211 1116 5316 EQ
1137 5213 1206 5254 eruens

779 5324 799 5354 m
825 5311 1159 5391 NEMSAECQWW
1178 5315 1337 5368 participaturi
