3620 6050
335 573 407 643 222
524 569 527 576 ’
931 589 1075 641 nassau

333 767 469 826 flamines
496 764 633 824 divorum
660 763 874 841 imperatorum
900 782 938 822 ex
964 764 1041 839 ipsis
1064 781 1165 833 corum
1188 763 1343 823 sodalibus
1365 781 1433 823 esse
1456 764 1565 823 electos
1587 763 1665 821 iudi·

245 949 248 954 .
334 873 422 942 cavit,
444 871 487 928 ita
508 877 541 926 ut
562 867 694 942 exempli
716 867 813 944 gratia
835 876 864 924 et
885 867 1034 924 flaminem
1050 867 1246 944 Augustalem
1262 874 1292 925 et
1312 867 1461 926 flaminem
1477 865 1664 926 Claudialem

334 997 350 1034 e
377 965 533 1032 sodalibus
558 969 777 1047 Augustalibus
806 967 1014 1028 Glandialibus
1041 969 1150 1028 eleetos
1177 987 1253 1042 csse,
1286 971 1335 1029 vel
1362 971 1474 1045 potius,
1508 978 1541 1027 ut
1565 969 1664 1044 ipsius

334 1073 528 1154 Borghesii1)
551 1072 650 1132 verbis
672 1079 749 1144 utar,
772 1071 890 1130 sodales
906 1071 1090 1149 Augustales
1108 1069 1281 1131 Claudiales
1301 1072 1451 1130 flaminem
1465 1071 1665 1148 Augustalem

335 1189 364 1240 et
385 1181 534 1238 flaminem
554 1174 741 1234 Claudialem
763 1175 907 1233 babuisse
928 1182 1085 1247 statuerem
1109 1174 1212 1233 eadem
1233 1174 1363 1234 fortasse
1384 1174 1501 1232 ratione
1523 1192 1584 1250 qua
1605 1173 1665 1232 fra-

335 1293 395 1342 tres
412 1280 542 1340 Arvales
565 1277 715 1336 flaminem
737 1277 879 1336 habuisse
901 1297 940 1336 cx
962 1296 1064 1336 corum
1087 1278 1162 1336 actis
1185 1286 1318 1355 apparet.
1365 1275 1462 1350 Quam
1485 1278 1664 1336 sententiam

335 1378 591 1459 Marquardtiusl)
615 1389 734 1439 secutus
750 1388 806 1452 est,
829 1381 966 1455 quamvis
983 1378 1166 1456 dubitansss).
1209 1382 1309 1456 Atque
1324 1379 1508 1456 Borghesius
1524 1379 1563 1436 ad
1578 1379 1664 1436 illam

335 1477 505 1564 opinionem
528 1503 563 1542 ea
584 1483 714 1540 maxime
736 1501 768 1539 re
790 1481 936 1541 adductus
959 1490 1004 1541 est
1026 1481 1107 1558 quod
1129 1484 1298 1558 complures
1320 1483 1455 1541 flamines
1477 1481 1664 1558 Augustales

335 1591 440 1651 eodem
462 1596 595 1662 tempore
618 1585 738 1643 sodales
761 1585 944 1661 Augustales
971 1585 1065 1643 fuisse
1088 1583 1247 1660 constat4).
1291 1583 1398 1660 Neque
1426 1594 1524 1643 tamen
1546 1585 1605 1642 hac
1626 1603 1666 1641 ex

334 1713 367 1752 re
389 1707 492 1751 omnes
514 1688 647 1746 omnium
670 1687 808 1746 dirorum
830 1687 964 1746 flamines
987 1707 1025 1745 ex
1047 1688 1123 1763 ipsis
1147 1706 1248 1746 eorum
1272 1687 1395 1745 deorum
1418 1686 1573 1744 sodalibus
1595 1703 1664 1744 esse

335 1801 472 1870 sumptos
495 1791 572 1850 effici
593 1807 682 1866 posse
703 1789 833 1861 videtur3
856 1790 1031 1864 praesertim
1054 1808 1121 1846 cum
1144 1798 1223 1846 certa
1245 1790 1378 1848 flamonii
1394 1788 1574 1865 Augustalis
1597 1807 1687 1845 eum·

336 1897 494 1958 sodalitate
516 1893 665 1952 coniuncti
687 1891 825 1968 exempla
845 1891 876 1950 in
897 1891 1090 1968 imperatoria
1111 1899 1227 1950 tantum
1249 1893 1337 1951 domo
1359 1891 1560 1964 inveniantur,
1585 1889 1666 1948 unde

335 2003 371 2059 de
393 1997 522 2078 privatis
545 1994 715 2054 hominibus
738 2005 768 2051 et
790 1995 825 2052 de
847 2011 903 2052 usu
926 1994 1063 2052 sollemni
1084 1994 1159 2052 nihil
1181 1993 1281 2069 colligi
1306 2001 1413 2070 potest.
1457 1992 1521 2052 Nec
1544 2012 1665 2070 compa-

334 2121 402 2162 rare
424 2102 494 2158 licet
515 2098 584 2156 illos
607 2097 712 2173 quales
735 2097 793 2155 sibi
814 2097 989 2154 informavit
1004 2097 1188 2172 Borghesius
1210 2096 1344 2154 flamines
1367 2096 1502 2154 divorum
1524 2113 1591 2154 cum
1613 2095 1664 2153 fla·

334 2205 464 2265 minibus
486 2203 612 2260 fratrum
635 2200 808 2272 Arvalium3
831 2219 900 2256 nam
922 2200 1050 2257 flaminis
1072 2199 1200 2256 fratrum
1222 2199 1380 2257 Arvalium
1403 2215 1511 2256 munus
1532 2199 1592 2256 fuit
1614 2217 1664 2255 an·

335 2327 436 2379 nuum,
463 2304 598 2364 flamines
626 2302 762 2360 divorum
788 2321 843 2378 per
869 2308 961 2360 totam
990 2302 1081 2360 vitam
1106 2301 1279 2360 flamonium
1305 2305 1504 2372 retinuerunt;
1532 2300 1615 2377 quod
1637 2309 1666 2357 et

334 2387 402 2470 inde
433 2407 581 2483 colligitur
610 2403 692 2480 quod
718 2404 839 2462 omnino
867 2404 897 2460 in
927 2405 1023 2462 titulis
1051 2406 1179 2462 istorum
1206 2404 1360 2461 flaminum
1386 2403 1497 2462 mentio
1522 2403 1557 2460 fit
1578 2411 1609 2460 et
1630 2403 1667 2460 de

334 2510 505 2571 flaminibus
527 2506 745 2584 Augustalibus
768 2526 807 2564 ex
829 2505 928 2565 Taciti
951 2507 1121 2566 testimonio
1144 2513 1269 2564 constat.
1313 2506 1418 2564 Refert
1439 2505 1518 2564 enim
1540 2505 1665 2563 Tacitus

336 2635 404 2674 ann.
429 2613 458 2685 2,
473 2611 511 2671 83
535 2618 605 2686 post
627 2607 801 2668 Germanici
828 2615 954 2667 mortem
982 2617 1104 2668 senatus
1127 2609 1295 2668 consultum
1321 2626 1391 2667 esse
1411 2609 1523 2666 factum
1544 2611 1666 2683 aequis

328 2722 437 2795 flumen
457 2723 509 2773 out
528 2730 623 2788 augur
640 2715 671 2770 iu
691 2711 781 2769 loculo
798 2710 963 2770 Germanici
977 2714 1035 2769 niel
1048 2713 1140 2786 geutie
1155 2711 1250 2770 Iuliae
1266 2719 1411 2769 crearetur
1433 2711 1543 2786 (fuerat
1564 2719 1666 2768 autem

336 2819 533 2881 Germanicus
556 2817 665 2874 flamen
687 2812 879 2890 Augustalis)
886 2833 894 2884 3
920 2813 1090 2889 exquibus
1114 2813 1212 2872 verbis
1234 2814 1370 2873 flamines
1392 2813 1578 2890 Augustales
1596 2831 1665 2889 per·

331 2935 433 3002 petuas
459 2920 553 2978 fuisse
579 2919 638 2976 iam
666 2915 923 2992 Marquardtius5)
952 2915 1058 2974 effecit.
1101 2916 1234 2975 Maxime
1260 2925 1358 2975 autem
1384 2916 1460 2975 illud
1487 2916 1624 2991 opinioni
1649 2933 1668 2972 a

334 3024 504 3104 Borghesio
519 3019 701 3098 propositae
711 3027 860 3096 repugnat
875 3020 955 3096 quod
970 3037 1035 3078 mos
1052 3019 1130 3078 divis
1150 3019 1378 3096 imperatoribus
1394 3013 1529 3077 flamines
1545 3017 1667 3076 creandi

334 3132 396 3190 iam
417 3127 510 3185 multo
532 3123 615 3199 prius
637 3130 727 3180 natus
743 3131 789 3180 est
803 3140 893 3198 quam
908 3121 1028 3181 sodales
1044 3121 1179 3180 divorum
1195 3121 1254 3180 sint
1268 3121 1431 3180 constituti.
1475 3120 1581 3180 Primo
1595 3121 1667 3178 diro

336 3235 474 3308 Augusto
498 3225 617 3286 sodales
640 3225 819 3284 constitutos
843 3243 910 3284 esse
932 3245 958 3284 a.
981 3245 1010 3302 p.
1035 3222 1069 3283 O.
1093 3225 1131 3282 14
1153 3241 1244 3300 supra
1265 3224 1410 3295 diximus3
1432 3223 1584 3282 flaminem
1605 3224 1667 3282 iam

335 3335 463 3394 dictator
485 3327 599 3389 Caeam
620 3327 734 3386 habuit.
777 3329 879 3404 Atque
908 3328 962 3386 hos
989 3345 1110 3405 quoque
1135 3327 1270 3386 flamines
1297 3326 1386 3402 (quos
1408 3326 1541 3384 lullouos
1564 3325 1669 3404 appel·

334 3439 412 3497 latos
434 3451 500 3493 esse
522 3430 733 3506 inscriptiones
756 3429 877 3506 docent)
899 3449 916 3487 e
939 3429 1093 3489 sodalibus
1108 3429 1326 3506 Augustalibus
1348 3446 1417 3488 esse
1439 3437 1575 3506 sumptos
1590 3428 1667 3486 Bor-

336 3539 458 3620 ghesius
485 3551 554 3612 opp.
584 3534 612 3606 5,
634 3531 693 3591 202
721 3533 779 3592 sibi
805 3531 1002 3609 persuasit⁶);
1038 3533 1150 3591 scilicet
1175 3531 1245 3590 inde
1274 3533 1311 3591 ab
1339 3552 1364 3590 a.
1390 3533 1428 3590 14
1454 3550 1514 3608 quo
1544 3531 1667 3591 sodales

336 3640 521 3719 Augustales
544 3644 613 3695 sunt
633 3637 786 3694 constituti
793 3655 801 3706 ;
823 3654 893 3694 nam
916 3643 1004 3693 antea
1022 3635 1193 3694 flamonium
1216 3635 1277 3694 divi
1298 3635 1369 3693 Iulii
1390 3634 1544 3711 proprium
1567 3652 1667 3693 sacer-

336 3745 449 3805 dotium
469 3741 566 3800 fuisse
587 3757 683 3815 neque
704 3757 771 3796 cum
794 3738 857 3797 ulla
879 3737 1037 3796 sodalitate
1051 3737 1239 3796 coniunctum
1255 3755 1379 3796 neccsse
1396 3745 1448 3796 est.
1493 3737 1587 3812 Atqui
1604 3737 1668 3795 veri

337 3845 568 3908 dissimillimum
591 3843 709 3902 ridetur
730 3842 865 3901 flamines
880 3840 1025 3914 Iulianos,
1049 3859 1117 3899 cum
1139 3841 1176 3899 ab
1199 3859 1277 3900 anno
1295 3841 1355 3898 710
1378 3859 1403 3898 a.
1421 3861 1448 3899 u.
1466 3859 1490 3899 c.
1513 3838 1667 3916 usquead

414 4087 437 4148 1)
476 4085 543 4150 Opp.
564 4085 589 4146 5,
611 4087 672 4135 202.

413 4177 437 4241 ²)
475 4175 619 4228 Huudbuclt
638 4179 663 4238 4,
680 4178 743 4226 430.

413 4269 437 4333 3)
471 4271 505 4322 L.
524 4270 542 4318 l.
561 4277 615 4319 not.
637 4269 717 4320 2963.
738 4267 818 4320 2971.

413 4362 439 4427 ⁴)
479 4361 662 4414 Germanicum
683 4361 821 4412 Caesarem
840 4361 899 4412 dico
919 4367 945 4410 et
962 4361 1094 4413 Neronem
1109 4359 1247 4412 Gaesarem
1261 4359 1410 4412 Germanici
1428 4359 1517 4410 filium.
1558 4357 1667 4410 Germa·

336 4459 422 4509 uicum
443 4456 511 4505 enim
531 4455 647 4505 sodalem
666 4454 836 4519 Augustalem
855 4453 934 4504 luisse
954 4455 1060 4504 Tacitus
1080 4469 1139 4504 ann.
1162 4456 1186 4515 1,
1208 4454 1243 4504 54
1261 4459 1358 4515 narrat,
1386 4453 1517 4502 flaminem
1536 4452 1668 4516 Augusta-

335 4553 385 4602 lem
404 4551 484 4600 fuisse
502 4547 683 4612 inscriptiones
702 4547 797 4597 docent
816 4545 906 4609 (Orell.
922 4545 983 4596 660.
1004 4547 1066 4597 661.
1088 4547 1166 4596 3064.
1187 4545 1217 4595 C.
1238 4545 1260 4607 Ι,
1281 4545 1311 4594 Ι..
1332 4543 1368 4607 11,
1392 4545 1470 4596 1517.
1489 4545 1511 4594 Ι.
1532 4545 1567 4596 Ν.
1585 4546 1667 4606 2395,

337 4644 427 4706 aliae);
447 4643 518 4693 Nero
538 4640 634 4691 Caesar
652 4642 679 4689 in
699 4639 756 4690 aliis
776 4639 857 4689 titulis
869 4637 964 4705 flumen
984 4638 1135 4706 Augustalis
1155 4637 1245 4700 (Orell.
1267 4637 1329 4688 664.
1351 4637 1423 4696 665),
1450 4638 1476 4686 in
1496 4637 1554 4686 aliis
1570 4637 1669 4703 flamen

337 4734 488 4802 Augustalis
506 4732 603 4784 sodalis
622 4731 774 4799 Augustalis
793 4733 936 4798 appellatur
956 4729 1324 4792 (salamanticensem.
1362 4730 1449 4779 Etiam
1467 4729 1583 4779 Drusum
1603 4729 1669 4780 Cae·

337 4843 419 4878 sarem
439 4827 538 4878 Tiberii
557 4826 640 4876 filium
651 4825 780 4892 flaminem
798 4824 963 4891 Augustulum
982 4825 1087 4874 exbibet
1105 4823 1193 4873 titulus
1213 4823 1293 4874 Orell.
1314 4823 1366 4872 211
1378 4841 1411 4863 =
1422 4823 1570 4872 Mommsen
1589 4823 1668 4874 inser.

336 4922 411 4970 Helv.
434 4919 481 4981 173
502 4919 548 4968 sed
566 4919 661 4968 mirum
681 4908 765 4967 estin
784 4918 843 4967 aliis
855 4917 937 4966 Drusi
956 4917 1037 4966 titulis
1056 4933 1109 4966 non
1127 4917 1184 4965 fieri
1201 4915 1358 4965 mentionem
1377 4915 1532 4976 flaminatus,
1552 4917 1671 4964 maxime

337 5013 360 5062 si
379 5011 516 5062 contuleris
535 5012 615 5061 Drusi
640 5011 741 5060 titulum
761 5009 791 5060 O.
815 5010 837 5059 Ι.
857 5011 886 5060 L.
907 5009 955 5071 VI,
977 5009 1030 5060 910
1054 5025 1112 5060 cum
1132 5008 1282 5060 Germanici
1306 5008 1379 5057 titulo
1401 5007 1429 5058 O.
1448 5007 1471 5056 Ι.
1490 5008 1522 5058 L.
1542 5009 1589 5069 VI,
1612 5009 1665 5059 909

338 5103 427 5166 (Orell.
448 5103 538 5164 3064).

414 5195 437 5259 ⁵)
475 5193 579 5246 Hundb.
599 5196 624 5256 4,
646 5196 698 5246 431
719 5211 745 5245 1.
766 5195 845 5247 2963.

415 5287 439 5350 6)
480 5287 647 5340 Contradixit
665 5289 715 5338 iam
736 5290 873 5340 Hennenus
893 5287 962 5355 apud
981 5287 1151 5353 Borghesium
1171 5287 1188 5335 1.
1208 5287 1225 5335 l.
1246 5292 1298 5336 not.
1313 5285 1338 5336 5.
