3620 6050
406 581 570 634 suuuoen
598 581 890 633 1nsoa1ra10nvn
917 581 1002 632 rom
1028 581 1184 632 11511151.
1384 563 1455 632 241

22 731 25 802 s
121 757 206 832 ponii
229 755 318 814 Laeti
348 765 481 832 tempore
503 775 569 814 cum
593 757 660 814 aliis
683 756 835 831 lapidibus
858 757 897 814 ad
919 754 1056 818 Castoris
1079 765 1246 815 extractum
1269 774 1343 815 esse.
1387 777 1456 815 nam

21 877 23 888 ¹
122 859 202 934 quod
229 859 266 917 sr.
289 857 305 915 Ι
329 878 387 916 non
415 860 550 935 potuisse
578 858 628 914 diu
656 878 710 936 pro
737 859 832 934 gradu
859 858 1003 917 ecelesiae
1030 859 1131 931 fuisse,
1162 859 1272 936 quippe
1295 859 1374 934 quod
1395 880 1456 918 non

20 1037 21 1040 Ἴ
121 961 211 1019 nimis
235 961 375 1019 detritum
401 962 452 1033 sit,
480 980 515 1018 ea
540 961 728 1019 ratiocinatio
757 961 862 1018 nititur
883 961 1064 1019 Panviniani
1091 961 1253 1019 testimonii
1281 962 1339 1018 fide
1366 979 1455 1036 quam

19 1071 21 1130 ξ
121 1070 294 1140 suspectam
310 1080 377 1122 esse
392 1063 504 1121 monui.
549 1081 625 1139 quae
641 1073 740 1122 autem
761 1063 971 1139 inscriptiones
987 1062 1074 1122 Laeti
1097 1071 1230 1140 tempore
1246 1083 1305 1121 non
1322 1064 1455 1122 adlatus

18 1163 20 1228 ξ
122 1167 227 1243 templi
250 1167 304 1223 sed
323 1174 393 1242 post
411 1165 554 1242 templum
570 1166 742 1224 eruderataa
760 1173 837 1237 sunt,
854 1184 905 1224 eas
922 1183 1062 1224 essenon
1078 1184 1169 1242 posse
1190 1165 1338 1225 fastorum
1353 1174 1454 1242 partes

17 1301 18 1306 κ
120 1271 182 1327 iam
208 1270 428 1327 demonstrabo.

204 1371 341 1428 Primum
363 1371 455 1446 igitur
477 1379 594 1428 constat
611 1390 646 1428 eo
669 1371 838 1429 testimonio
854 1371 934 1445 quod
950 1371 987 1428 ad
1002 1371 1091 1429 huius
1108 1368 1181 1446 Syll.
1199 1391 1227 1428 n.
1245 1370 1283 1429 93
1307 1372 1454 1448 adscripsi

118 1475 322 1549 Pomponium
350 1475 453 1532 eodem
481 1491 540 1547 quo
566 1473 716 1530 Iucundos
744 1483 892 1548 tempore,
918 1474 948 1530 h.
972 1493 997 1532 e.
1021 1493 1047 1530 a.
1074 1472 1168 1544 1499,
1203 1474 1313 1532 vidisse
1347 1474 1452 1533 titulos

118 1577 269 1652 virginum
284 1575 462 1645 Vestalium,
487 1578 695 1651 epiprunaniata
717 1587 830 1650 reperta
845 1580 874 1633 ia
894 1594 1007 1651 pronao
1030 1576 1125 1651 templi
1143 1576 1243 1634 Vestae
1265 1575 1316 1634 sub
1332 1575 1451 1634 Palatio

119 1688 221 1738 contra
236 1681 338 1753 soram
359 1697 516 1748 1515511515,
539 1679 646 1753 quibus
669 1678 768 1736 verbis
791 1679 930 1754 quoniam
954 1678 1097 1753 templum
1112 1677 1224 1736 Vestae
1247 1678 1314 1736 5515
1335 1679 1452 1736 coniec-

118 1793 186 1840 tura
215 1802 250 1840 eo
277 1781 344 1838 loco
372 1780 465 1838 fuisse
494 1781 602 1838 dicitur
630 1779 679 1837 ubi
705 1787 824 1856 reperta
850 1790 919 1838 sunt
947 1780 1176 1856 epigrammata,
1199 1799 1304 1856 parum
1327 1780 1451 1838 deloco

117 1885 225 1962 profici
248 1891 480 1942 consentaneum
503 1893 561 1940 est:
586 1890 616 1939 at
632 1883 728 1940 omnis
749 1882 895 1940 dubitatio
918 1882 1033 1939 tollitur
1047 1881 1175 1940 Iucundi
1197 1882 1366 1940 testimonio
1387 1892 1451 1940 ante

120 1986 177 2046 SS.
209 1985 330 2044 Cosmus
359 1995 385 2042 et
412 1985 553 2042 Danaiani
580 1986 644 2042 sola
673 1987 812 2042 mediante
841 1989 888 2042 cia
917 1989 947 2041 in
976 1985 1101 2060 quodam
1131 1985 1318 2043 harundineto
1349 1985 1451 2043 eadem

120 2091 277 2147 eruderate
300 2105 366 2146 esse
389 2087 525 2158 dicentis,
549 2087 604 2144 hoc
627 2095 673 2144 551
695 2095 790 2158 ante,
813 2105 873 2144 non
896 2096 979 2162 post
1001 2087 1143 2162 templum
1159 2085 1307 2145 Castoris
1346 2099 1450 2145 contra

119 2193 221 2250 eodem
245 2189 419 2248 5111151499
444 2190 531 2246 etiam
555 2198 640 2264 post
661 2189 805 2264 templum
821 2190 970 2247 fossorum
993 2189 1141 2248 industria
1156 2209 1306 2247 marmore
1320 2189 1451 2247 litterata

119 2314 134 2350 e
157 2303 237 2351 terra
259 2299 396 2350 extracta
418 2301 496 2349 sunt.
541 2311 599 2366 qua
622 2293 658 2349 de
680 2310 712 2349 re
727 2292 914 2368 Pomponius
937 2292 968 2349 in
991 2292 1168 2368 compendio
1191 2311 1334 2349 romanae
1356 2292 1450 2350 histo·

118 2397 180 2454 riae
202 2396 259 2453 boc
282 2413 361 2452 anno
385 2394 511 2468 primum
534 2393 614 2451 edito
638 2393 680 2469 (v.
697 2395 735 2451 ad
756 2414 784 2452 n.
802 2393 855 2469 93)
878 2395 909 2452 in
930 2394 993 2452 vita
1008 2393 1095 2452 Decii
1111 2395 1183 2453 haec
1205 2395 1309 2452 habet:
1333 2399 1362 2452 in
1381 2397 1449 2452 aede

121 2499 249 2558 Castoris
272 2506 297 2554 et
312 2496 443 2554 Pollucis
465 2500 495 2553 in
513 2505 599 2571 parte
613 2499 680 2571 sori
701 2500 812 2554 15155111
833 2515 931 2554 uersus
948 2496 1097 2555 Palatium
1119 2501 1199 2555 cuius
1221 2500 1342 2572 cestipia
1364 2498 1450 2571 effodi

116 2601 246 2658 uidimus.
293 2599 407 2656 seilicet
432 2599 470 2654 ab
498 2599 602 2655 eodem
625 2598 794 2674 Pomponio
817 2599 1005 2656 Aibertinius
1032 2599 1068 2658 de
1097 2601 1198 2656 eadam
1226 2619 1257 2656 re
1280 2599 1447 2658 accuratius

115 2703 238 2760 edoctus
255 2721 282 2758 a.
300 2701 378 2760 1510
395 2700 437 2758 sic
453 2707 579 2758 testatur
594 2699 742 2776 (sylloges
759 2701 910 2758 Mazocch.
927 2722 953 2759 a.
971 2699 1047 2759 1523
1065 2701 1085 2759 1.
1098 2701 1291 2778 xxxlvv):
1314 2701 1446 2778 1515515111

120 2805 250 2862 Castoris
273 2813 299 2861 et
319 2803 449 2861 Pollucis
471 2807 501 2859 111
523 2805 572 2860 uia
593 2821 679 2860 55515
702 2803 753 2860 Fa.
769 2804 824 2861 Ito.
847 2805 899 2862 sub
917 2803 1032 2878 palatio
1054 2806 1102 2863 ubi
1123 2823 1198 2862 nune
1219 2814 1261 2862 est
1282 2805 1448 2864 tubernacu-

115 2908 171 2965 luna
187 2907 268 2982 Virp.
292 2905 351 2980 (uir
372 2905 409 2963 ed
431 2924 458 2962 a.
484 2903 577 2979 1510)
601 2907 646 2962 ad
662 2907 881 2980 ponticulum
902 2911 933 2963 in
955 2925 1010 2982 555
1033 2907 1094 2965 1555
1116 2907 1220 2980 effossa
1234 2909 1320 2982 suae
1340 2911 1448 2965 oesti-

111 3013 255 3086 51555111
277 3008 388 3065 duabus
412 3008 517 3066 tabulis
544 3009 709 3066 marmbreis
736 3009 911 3067 dedicatione
938 3012 1031 3084 ipsius
1059 3018 1125 3067 teste
1148 3029 1245 3084 pomp.
1275 3009 1346 3066 letae
1372 3009 1446 3085 (sie)

114 3117 164 3189 qui
190 3131 239 3170 eas
267 3113 373 3169 uidisse
396 3111 533 3184 affirmat.
577 3111 649 3168 haec
677 3111 703 3168 si
731 3111 861 3186 pendent
887 3111 1024 3170 55511115
1047 3111 1214 3186 compendii
1236 3111 1447 3187 Pomponiani,

114 3223 241 3292 apparet
262 3232 322 3271 non
344 3211 470 3271 Laetum
494 3212 548 3270 sed
568 3212 771 3271 Aibertinium
794 3213 910 3272 tabulas
933 3213 1001 3272 illas
1025 3214 1147 3286 vidisse,
1169 3214 1248 3272 hunc
1270 3223 1367 3272 autem
1390 3233 1447 3273 sua

113 3317 332 3394 Pomponianis
355 3315 565 3387 admiscuisse3
589 3316 614 3373 si
637 3315 674 3372 ab
697 3315 825 3392 epistula
847 3316 949 3391 aliqua
970 3315 1056 3373 Laeti
1079 3318 1219 3392 pendent,
1241 3317 1317 3375 vidit
1331 3315 1445 3375 Laetus

113 3440 202 3496 quam
229 3418 419 3476 Aibertinius
447 3417 518 3474 dicit
544 3417 775 3475 dedicationem:
807 3426 873 3476 utut
895 3429 954 3491 est,
982 3437 1037 3494 ego
1065 3419 1101 3476 dc
1128 3419 1314 3478 dedicatione
1336 3420 1378 3478 ibi
1399 3441 1446 3479 re-

112 3531 198 3600 perta
230 3520 335 3578 dubito
369 3521 406 3576 ob
439 3537 546 3576 causas
579 3539 630 3577 eas
665 3537 740 3596 quas
774 3540 851 3577 nunc
883 3539 1041 3596 exponam.
1086 3523 1139 3579 sed
1160 3521 1290 3595 primum
1313 3525 1445 3582 omnium

112 3625 268 3684 sciendum
289 3624 393 3680 eodem
416 3622 482 3679 1555
505 3623 656 3680 inventurn
680 3639 748 3680 esse
771 3642 797 3680 a.
818 3623 894 3680 1549
913 3623 1031 3680 titulum
1046 3623 1236 3681 notissimum
1254 3623 1320 3682 CIL
1339 3625 1366 3697 6,
1384 3625 1444 3684 804

112 3741 311 3788 vonrvnnvs
336 3727 339 3802 1
367 3739 561 3782 1555511555
584 3740 782 3783 mocianum
805 3741 839 3780 ετ
856 3726 860 3800 1
877 3741 1039 3796 5111511151,
1061 3729 1091 3782 a'n
1106 3727 1315 3799 forononano
1334 3746 1443 3803 prope

109 3828 333 3907 ponticulum
355 3836 420 3884 ante
442 3828 603 3903 aedificium
625 3827 699 3884 illud
713 3827 885 3901 5555551551
906 3829 985 3900 qnod
1000 3825 1124 3884 Statoris
1142 3837 1248 3902 putant
1270 3828 1326 3902 (ita
1340 3828 1443 3904 Pigh.)

113 3934 177 3991 sive
204 3931 293 3989 medio
319 3932 393 3986 inter
419 3930 565 3987 55155555
595 3930 690 4003 templi
717 3929 789 3984 Iulii
822 3927 855 4001 (i.
883 3949 908 3986 e.
937 3927 1089 4003 Castoris)
1124 3930 1220 3986 aedera
1252 3949 1274 3986 s.
1304 3931 1444 3988 Theodori

111 4035 238 4112 spondas
267 4032 379 4090 Palatii
406 4035 524 4089 15515111
553 4041 577 4089 51
605 4032 699 4089 1151155
724 4032 935 4090 Consolationis
964 4035 1057 4106 spatio
1081 4031 1138 4106 (ita
1160 4029 1321 4107 Smetius),
1348 4034 1396 4090 11111
1418 4042 1443 4090 51

109 4142 172 4196 5155
196 4145 304 4194 stratae
326 4135 421 4193 silices
444 4144 469 4191 et
492 4133 578 4192 altius
599 4136 743 4210 fodientes
772 4153 875 4209 aquam
897 4138 990 4191 vicum
1011 4138 1140 4192 invertere
1163 4133 1220 4209 (ita
1242 4134 1442 4193 5511115515-

112 4238 207 4317 cap.):
237 4237 314 4296 unde
343 4237 454 4295 sactum
477 4237 561 4294 utin
588 4237 685 4294 forma
707 4237 804 4294 locum
828 4245 965 4295 accurate
987 4237 1120 4295 indicare
1140 4237 1298 4313 potuerim.
1341 4238 1442 4312 itaque

108 4340 240 4400 ‘tabulae
267 4341 354 4398 binae
383 4334 580 4397 marmoreae'
612 4349 697 4415 5551
727 4341 869 4415 1511151551
899 4339 1035 4400 Castoris
1065 4340 1204 4398 inventae
1232 4347 1310 4397 sunt.
1359 4340 1442 4415 atqui

111 4443 244 4521 epistylii
272 4442 355 4502 aedis
378 4441 558 4500 Tiberianae
586 4451 637 4500 aut
659 4441 851 4500 Domitianae
874 4452 974 4518 partes
1007 4443 1168 4519 inscriptas
1196 4443 1248 4501 vix
1274 4442 1442 4520 putaverim

111 4548 148 4604 ab
172 4546 271 4604 antica
293 4545 324 4602 in
346 4545 494 4620 posticam
517 4553 641 4618 partem,
664 4546 754 4602 immo
778 4554 826 4604 sat
847 4546 934 4622 longe
950 4547 988 4604 ab
1010 4546 1078 4621 ipso
1100 4545 1212 4622 templo
1235 4562 1301 4604 esse
1324 4545 1441 4603 ablatas

111 4661 199 4724 atque
233 4649 263 4706 in
297 4647 365 4724 ipsa
392 4647 440 4704 via
466 4646 625 4704 derelictas
655 4665 751 4721 neque
779 4648 869 4705 facile
897 4650 1058 4724 quisquam
1085 4648 1231 4706 tabulas
1258 4667 1441 4706 marmoreas

109 4749 262 4809 vocaverit
284 4768 360 4808 saxa
381 4749 514 4824 ingentia
536 4748 571 4804 de
601 4749 740 4823 epistylio
763 4749 886 4808 deiecta.
931 4751 983 4807 scd
1012 4750 1088 4808 unde
1111 4749 1234 4808 suborta
1256 4749 1352 4807 Laeto
1375 4768 1440 4807 sus·

109 4854 187 4929 picio
213 4851 331 4910 tabulas
359 4851 429 4908 illas
458 4851 606 4926 pertinere
630 4849 668 4906 ad
695 4851 799 4907 aedem
824 4850 971 4924 Castor-ie,
999 4853 1084 4910 cuius
1112 4851 1187 4909 situs
1215 4859 1285 4908 tune
1312 4851 1355 4908 ita
1381 4870 1440 4909 non

111 4955 247 5031 cognitus
274 4954 345 5024 fuit,
372 4961 405 5010 ut
426 4952 537 5010 Laetus
564 4952 659 5010 tribus
687 4953 843 5024 columnis,
873 4973 950 5028 quae
973 4961 1042 5012 sunt
1063 4954 1169 5028 ipsius,
1193 4952 1359 5010 Domitiani
1381 4964 1440 5012 sta·

109 5065 188 5116 tuam
211 5056 384 5130 impositam
405 5054 499 5113 fuisse
521 5053 622 5131 inepto
645 5054 803 5113 coniecerit
827 5055 921 5114 libelli
944 5057 980 5113 de
1003 5064 1148 5114 vetustate
1171 5055 1253 5112 urbis
1278 5055 1318 5130 (si
1341 5065 1439 5114 tamen

109 5168 151 5218 551
175 5157 280 5233 Laeti)
307 5177 335 5214 a.
361 5158 439 5216 1515
467 5157 572 5214 iterum
599 5157 671 5214 editi
699 5157 719 5214 f.
744 5156 800 5215 ll?
830 5157 1000 5217 memineris
1029 5157 1108 5215 tituli
1134 5178 1153 5214 a
1180 5154 1279 5216 Sartio
1309 5159 1438 5233 primum

105 5261 176 5320 editi
198 5261 252 5336 qui
279 5260 354 5318 inter
375 5259 586 5318 Henzenianos
609 5257 716 5336 Suppl.
739 5261 778 5318 ad
801 5258 853 5318 Or.
878 5260 1085 5320 55155755.
1129 5260 1209 5317 hune
1232 5259 1438 5320 Mommsenus

106 5363 147 5422 ita
168 5363 345 5424 restituerat
366 5360 471 5437 (Arch.
496 5361 623 5438 Zcitung
648 5361 726 5420 1846
748 5380 777 5437 5.
795 5361 883 5438 aab:
