3596 6040
362 569 431 637 112
622 587 809 636 tuoruum.
838 586 921 636 vor..
942 587 969 634 11
996 587 1070 635 nex
1097 586 1176 636 uon.
1205 586 1426 642 eaunrrveu.

359 779 412 818 cae
434 759 499 818 eius
522 759 730 817 decurionibus
753 759 899 816 eiusmodi
922 758 1074 816 demolitio
1101 759 1203 834 perfici
1226 766 1337 834 posset.
1382 756 1528 818 Similiter
1543 760 1688 818 Hadriani

357 871 454 920 aetate
476 862 595 939 publice
617 868 736 918 cautum
760 867 806 918 est
827 879 864 917 ne
885 860 916 917 in
940 860 1002 916 ulls
1021 861 1139 918 civitate
1161 861 1266 918 domus
1290 861 1454 920 dirueretur
1471 865 1687 938 transferendae

357 966 397 1022 ad
423 965 512 1022 ulium
539 963 633 1020 urbem
659 963 749 1020 ultius
776 965 912 1019 materiae
939 979 1025 1019 causa
1055 961 1132 1037 (vita
1154 962 1300 1020 Hadriani
1326 963 1392 1038 18);
1418 964 1449 1021 id
1476 974 1522 1021 est
1543 965 1686 1023 eiusmodi

357 1065 579 1124 demolitionem
602 1065 775 1122 decuriones
798 1065 969 1138 permittere
986 1065 1170 1122 vetabantur.
1214 1063 1350 1123 Lubente
1372 1065 1479 1124 deiude
1502 1074 1687 1125 aetate-cum
1762 1055 1763 1060 ἵ

357 1188 429 1226 cura
454 1187 552 1224 rerum
579 1166 763 1241 publicarum
792 1166 830 1222 ad
855 1165 1064 1240 imperatorem
1093 1167 1313 1242 quodammodo
1337 1169 1549 1228 transferretur
1571 1177 1686 1226 curato-

356 1287 464 1345 resque
486 1269 513 1328 is
535 1268 625 1326 rebus
646 1267 776 1344 publicis
799 1267 870 1324 dare
893 1267 1045 1342 inciperet,
1068 1267 1135 1344 ipsu
1151 1257 1335 1344 privatorum
1351 1271 1553 1328 aedificiorum
1576 1271 1608 1328 in
1625 1291 1686 1328 mu·
1789 1335 1790 1354 .

356 1371 473 1446 nicipiis
497 1390 569 1428 cura
595 1370 638 1427 ita
664 1368 883 1444 quodammodo
907 1388 925 1425 a
947 1369 1156 1428 decurionibus
1183 1369 1219 1427 ad
1246 1371 1457 1446 imperatorem
1480 1373 1687 1450 magistratus·
1789 1367 1790 1424 ἶ

357 1492 415 1550 que
437 1473 474 1530 ab
496 1473 675 1549 imperatore
697 1471 877 1528 constitutos
900 1471 1046 1529 translata
1068 1479 1122 1544 est,
1146 1472 1222 1529 unde
1244 1477 1303 1530 iam
1327 1474 1362 1530 de
1382 1493 1418 1531 ea
1433 1475 1522 1533 etiam
1538 1473 1687 1550 Ulpianus

356 1583 386 1632 et
406 1574 522 1632 Paulus
550 1580 761 1631 tractaverunt.
806 1573 917 1631 Fusius
943 1573 984 1650 'dc
1007 1573 1061 1632 bac
1084 1593 1115 1631 re
1138 1574 1201 1631 dixi
1228 1575 1259 1632 in
1287 1576 1500 1634 commentario
1524 1578 1562 1634 ad
1589 1577 1686 1655 legem
1789 1575 1790 1584 ’

356 1675 566 1734 Malacitanam
589 1695 618 1749 p.
635 1673 696 1732 480
709 1693 769 1750 seq.
1398 1750 1400 1755 Α

220 1798 338 1858 Figlinae
441 1777 495 1834 IV.
540 1776 675 1852 Figlinas
698 1775 839 1852 teglarius
862 1777 1100 1852 tegulariumque
1121 1777 1212 1854 (quod
1229 1799 1247 1836 a
1261 1779 1369 1855 figlinis
1384 1781 1518 1857 tegleriis
1536 1782 1687 1856 quomodo

210 1879 237 1927 in
252 1880 348 1944 oppido
358 1879 485 1949 differat,
508 1880 623 1936 frustra
645 1879 794 1954 quaesivi)
817 1879 873 1936 etsi
896 1897 1038 1937 noremus
1060 1880 1177 1938 institui
1200 1881 1304 1939 solitas
1325 1899 1391 1940 esse
1407 1891 1492 1940 extra
1507 1882 1618 1957 oppida
1642 1882 1689 1958 (ut

225 1964 334 2012 nefiano
357 1983 424 2058 ipsa
451 1981 610 2039 fundorum
640 1981 761 2038 nomina
787 1981 931 2056 inscripta
957 1981 1066 2039 habent
1097 1982 1214 2058 tegulae
1242 1985 1387 2059 quaedam
1419 1985 1498 2060 apud
1525 1984 1686 2042 Marinium

354 2085 427 2142 Arv.
451 2102 480 2158 p.
499 2081 584 2158 608),
612 2083 654 2140 ita
677 2101 754 2140 nunc
776 2082 894 2140 demum
920 2083 1080 2141 innotescit
1101 2103 1138 2141 ne
1160 2084 1283 2143 licuisse
1306 2086 1425 2160 quidem
1447 2105 1498 2144 eas
1520 2087 1550 2143 in
1574 2087 1687 2164 oppido

353 2187 461 2258 facere,
491 2185 516 2242 si
545 2184 671 2242 maiores
702 2195 804 2243 essent
830 2185 996 2262 tegularum
1020 2183 1111 2256 000,
1137 2187 1309 2244 diurnarum
1333 2188 1453 2263 opinor3
1482 2189 1611 2246 conferri
1633 2209 1687 2264 po-

354 2297 413 2346 test
439 2287 519 2362 quod
542 2305 581 2344 ex
603 2286 710 2362 tegulis
737 2286 914 2362 quibusdam
938 2285 1140 2346 Sisciensibus
1163 2307 1257 2364 nuper
1278 2289 1482 2362 intelleximus
1505 2290 1605 2366 operis
1634 2309 1687 2365 per

354 2391 417 2448 dies
442 2389 576 2466 singulos
600 2389 717 2464 tegulus
740 2389 809 2446 talis
832 2397 911 2447 certe
933 2391 1060 2465 generis,
1088 2391 1192 2466 quales
1216 2400 1286 2448 sunt
1306 2391 1387 2463 illae,
1416 2392 1569 2450 faciendas
1591 2393 1687 2450 fuisse

354 2492 484 2550 ducenas
501 2491 619 2548 vicenas
637 2488 678 2564 (v.
696 2491 763 2566 eph.
781 2489 808 2562 2,
825 2490 910 2566 434).
927 2524 964 2532 —
983 2490 1095 2550 Contra
1117 2492 1142 2550 si
1157 2492 1224 2567 quis
1247 2493 1358 2566 iecerit,
1381 2493 1464 2551 locus
1486 2493 1623 2568 publicus
1639 2495 1686 2565 fit3

353 2612 481 2668 quocum
509 2609 735 2666 componemuS‚
759 2611 795 2648 ne
818 2593 882 2650 eius
905 2593 1022 2670 generis
1045 2613 1141 2668 poena
1163 2596 1200 2652 ab
1222 2595 1367 2653 institutis
1389 2595 1500 2653 liberae
1522 2596 1564 2652 rei
1586 2597 1687 2671 publi·

353 2715 405 2754 cae
428 2695 587 2752 abhorrere
611 2693 724 2766 credas,
751 2695 830 2768 quod
853 2697 895 2754 uit
917 2695 1080 2753 Frontinus
1104 2697 1139 2754 de
1161 2716 1209 2772 aq.
1227 2697 1279 2754 77:
1303 2701 1377 2773 apri,
1401 2701 1449 2772 qui
1471 2717 1548 2773 aquu
1567 2697 1688 2772 publicu

353 2808 454 2856 coutru
476 2797 563 2872 tepent
586 2805 676 2854 esseut
698 2799 829 2871 teutpert,
853 2797 1083 2872 publicabuntur.
1127 2798 1174 2856 Ee
1195 2799 1356 2874 publicatio
1376 2799 1523 2874 quomodo
1546 2799 1687 2856 effectum
1789 2825 1790 2856 ;

352 2900 474 2970 habeat,
501 2917 561 2956 non
589 2898 663 2956 satis
689 2898 881 2974 perspicitur,
908 2919 974 2958 cum
1003 2899 1211 2979 verbalegis,
1239 2909 1271 2958 ut
1296 2908 1375 2958 recte
1402 2901 1516 2959 monuit
1537 2901 1687 2979 Krueger,

352 3001 495 3079 impedita
518 3002 578 3060 sint
599 3013 629 3061 et
650 3003 781 3061 fortusse
803 3001 948 3077 quaedam
971 3002 1142 3060 exciderint.
1180 3002 1384 3079 Expectumus
1408 3021 1480 3068 sune
1502 3002 1588 3060 talia:
1613 3007 1688 3061 eius·
1789 3041 1790 3064 t

351 3101 433 3178 q(ue)
461 3105 584 3180 aedificii
615 3105 682 3179 [qui
706 3105 780 3163 colet
806 3107 906 3178 petitio
933 3113 1003 3174 esto,
1031 3106 1185 3179 quantique
1213 3123 1246 3162 eu
1273 3122 1318 3162 ree
1346 3105 1428 3180 erit]‚
1459 3108 1627 3180 quicumque
1657 3109 1686 3161 iu

352 3203 493 3279 c(olouiu)
610 3205 698 3282 i(ure)
727 3205 879 3282 d(icuudu)
904 3203 1062 3281 p(rueerit)
1159 3225 1221 3264 euru
1243 3210 1394 3282 pecuniam
1420 3211 1449 3265 iu
1473 3206 1620 3282 publicum
1642 3226 1686 3264 re·
1789 3207 1790 3222 ¹

352 3309 450 3382 diqito.
496 3305 617 3366 Scilicet
642 3309 797 3384 probabile
824 3317 869 3366 est
896 3308 932 3364 de
959 3308 1105 3384 tegulario
1132 3309 1290 3366 commisso
1319 3327 1372 3383 per
1393 3309 1551 3367 formulam
1577 3309 1685 3384 petito·

351 3409 425 3466 riam
454 3408 627 3466 colonorum
656 3413 776 3469 nomine
803 3427 892 3486 agere
920 3411 1056 3484 potuisse
1083 3411 1134 3486 qui
1161 3410 1265 3480 vellet;
1299 3411 1404 3470 deinde
1431 3411 1507 3470 victo
1536 3429 1588 3468 reo
1618 3431 1685 3468 eum
1789 3415 1790 3438 ³

352 3518 403 3568 aut
427 3511 596 3570 restituisse
622 3513 746 3571 fundum
774 3513 817 3570 rei
844 3513 981 3588 publicae
1006 3513 1107 3588 itaque
1130 3511 1299 3570 absolutum
1322 3530 1404 3584 esse,
1433 3519 1484 3570 aut
1506 3514 1685 3572 condemna-

210 3615 278 3663 Viae
293 3631 339 3678 pu·
353 3621 414 3669 tum
441 3630 508 3669 esse
535 3623 634 3672 tantae
660 3616 817 3688 pecuniae,
850 3622 979 3690 quantae
1005 3615 1114 3672 fundus
1141 3625 1234 3684 esset,
1262 3632 1389 3689 eamque
1411 3616 1566 3691 pecuniam
1595 3616 1685 3673 solito

212 3698 434 3772 bfi⁰²²⁹¹¹emore
462 3715 671 3792 magistratum
701 3717 837 3792 exegisse
867 3715 918 3792 (ef.
949 3717 1001 3787 10,
1031 3715 1064 3773 8:
1099 3719 1213 3791 eiusque
1236 3720 1376 3792 pecuniae
1403 3720 1449 3776 cui
1474 3719 1548 3774 uolet
1573 3722 1684 3792 petitio,

224 3781 287 3828 fiant
302 3781 329 3828 in

209 3877 272 3926 agro
288 3863 339 3927 pri·
353 3816 450 3873 IIviro
474 3859 501 3874 ..
525 3821 632 3876 ercutio
655 3861 661 3874 .
677 3861 704 3876 ..
728 3819 809 3894 esto).

205 3953 264 3994 vato
278 3946 343 3994 invi·
437 3917 475 3976 V.
518 3917 658 3994 Denique
681 3938 757 3994 quae
773 3940 796 3978 c.
813 3920 966 3978 LXXVII
981 3932 1124 3979 caventur
1146 3921 1182 3978 de
1205 3921 1261 3978 viis
1282 3921 1377 3979 fossis
1394 3921 1502 3979 cloacis
1524 3923 1684 3980 instituen-

204 4035 229 4077 to
240 4029 345 4078 domino
353 4019 399 4077 dis
421 4020 628 4079 muniendisve
651 4040 686 4078 eo
708 4023 841 4094 redeunt,
866 4031 896 4080 ut
912 4023 1136 4098 magistratibus
1159 4023 1223 4080 eius
1246 4024 1289 4080 rei
1305 4041 1396 4081 causa
1417 4024 1510 4081 libere
1529 4024 1573 4080 uti
1595 4024 1684 4081 liceat

351 4139 423 4196 agro
451 4122 602 4194 coloniae,
631 4141 703 4200 agro
734 4125 850 4199 privato
874 4125 916 4181 uti
944 4144 980 4180 ne
1006 4124 1096 4182 liceat
1118 4125 1176 4182 nisi
1198 4125 1402 4183 consentiente
1425 4125 1555 4183 domino.
1601 4123 1682 4182 Con·

350 4223 433 4280 venit
458 4223 488 4279 id
514 4225 544 4280 in
574 4226 746 4284 uuiversum
773 4245 839 4284 cum
864 4226 901 4284 iis
928 4245 1005 4301 quae
1033 4227 1064 4283 in
1093 4205 1307 4285 commentario
1335 4229 1373 4284 ad
1401 4247 1425 4285 c.
1446 4225 1550 4286 XCIX
1572 4247 1602 4302 p.
1625 4227 1679 4285 137

350 4325 545 4400 exposuimus
566 4327 601 4385 de
624 4346 703 4402 aqua
723 4327 842 4402 publica
864 4347 917 4402 per
940 4345 1044 4403 agrum
1066 4329 1216 4404 privatum
1238 4329 1381 4388 ducenda.

1381 4514 1439 4573 Te.
1463 4515 1638 4574 Monesen.
