3614 6054
419 663 583 717 srunoan
610 661 897 716 msomrmonvu
923 662 1007 714 rom
1032 661 1186 714 aonam.
1393 642 1466 714 269

172 846 269 895 autem
297 857 423 896 numero
452 847 565 913 septem
594 837 669 912 (tres
691 846 817 896 noverat
838 836 1009 912 Bunsenus)
1037 835 1114 895 altae
1140 837 1209 912 plus
1236 837 1336 896 minus
1359 857 1397 894 m.
1415 836 1465 908 3‚0

171 959 206 998 ao
229 939 291 998 fere
313 940 380 999 luco
402 941 538 1016 privatae
562 941 602 1016 (v.
626 942 725 1018 imago
748 940 830 1014 phot.
855 940 934 1017 apud
957 939 1123 998 Parkerum
1140 939 1210 999 For.
1226 940 1268 1016 pl.
1283 939 1355 1016 IX),
1378 958 1465 1015 prae-

170 1043 273 1100 sertim
302 1062 368 1100 cum
396 1044 539 1119 templum
568 1041 751 1118 Vespasiani
777 1043 837 1100 alte
866 1043 1069 1102 substructum
1098 1052 1128 1100 et
1148 1042 1323 1120 angiportus
1347 1042 1466 1118 angusti

172 1145 272 1219 spatio
295 1145 475 1222 diremptum
498 1145 661 1218 obstiterit3
684 1153 717 1203 ut
738 1145 869 1204 nesciam
889 1145 1039 1220 quomodo
1061 1145 1093 1204 in
1115 1145 1162 1204 his
1185 1145 1300 1221 cryptis
1323 1145 1467 1222 caligino-

170 1248 212 1304 sis
243 1256 332 1323 atque
355 1248 506 1322 depressis
530 1248 645 1306 scribae
667 1247 783 1306 librarii
806 1248 972 1306 consistere
995 1247 1156 1324 potuerint.
1199 1266 1255 1305 nec
1276 1255 1378 1324 potest
1399 1254 1467 1304 ante

171 1349 251 1408 ostia
276 1369 378 1408 earum
405 1351 537 1427 porticus
567 1350 690 1409 scholae
712 1350 817 1421 fuisse,
844 1351 954 1426 quippe
977 1368 1053 1425 quae
1079 1349 1111 1408 in
1132 1353 1211 1408 viam
1235 1358 1268 1408 ut
1290 1349 1353 1407 dixi
1375 1368 1467 1427 angu-

171 1459 249 1508 stam
277 1461 400 1528 pateant
426 1453 507 1510 nullo
530 1461 662 1530 tempore
685 1453 756 1528 pilis
779 1452 964 1510 columnisve
993 1452 1184 1510 conlocandis
1211 1460 1322 1530 aptam.
1366 1452 1467 1528 itaque

171 1573 210 1612 ne
237 1554 294 1611 hoe
319 1555 440 1630 quidem
463 1555 603 1613 Dutertio
625 1555 755 1629 (Forum
777 1575 806 1632 p.
826 1553 878 1629 12)
906 1553 1069 1612 concedam
1098 1555 1128 1612 in
1158 1554 1242 1613 cellis
1264 1555 1327 1612 illis
1351 1563 1466 1632 septem

169 1659 309 1731 imaqiues
335 1668 486 1732 arpeuteas
508 1659 623 1715 deorum
646 1667 750 1734 septem
779 1657 838 1732 (tit.
862 1657 892 1733 o)
921 1657 1084 1716 collocatas
1111 1657 1207 1716 fuisse
1230 1657 1289 1716 nisi
1312 1657 1368 1715 has
1391 1674 1467 1733 quas

169 1758 300 1834 exposui
323 1759 454 1817 rationes
476 1760 673 1835 redarguerit.
689 1793 730 1804 -
746 1760 854 1836 quodsi
877 1777 1005 1836 quaeras
1028 1759 1078 1817 ubi
1103 1759 1236 1818 scholam
1258 1759 1354 1818 fuisse
1384 1759 1468 1834 equi·

170 1860 238 1917 dem
262 1861 439 1932 existimem,
462 1861 559 1920 fateor
581 1882 628 1920 me
652 1863 787 1921 dubitare
810 1882 848 1920 an
871 1863 993 1920 omnino
1010 1861 1159 1920 Marlianii
1182 1869 1213 1919 et
1235 1861 1364 1920 Manutii
1385 1862 1469 1920 testi-

170 1963 275 2020 monia
301 1981 379 2038 quae
406 1972 476 2022 sunt
501 1961 570 2022 ‘svn
598 1960 723 2042 templo'
752 1963 886 2035 Saturni,
912 1961 1030 2041 ‘presso
1058 1963 1149 2022 l’aroo
1172 1964 1202 2021 di
1225 1959 1377 2023 Settimio'
1404 1965 1468 2024 inre

168 2073 312 2142 putentur
338 2066 378 2123 ad
403 2065 499 2124 locum
531 2085 637 2125 revera
664 2086 718 2124 nec
746 2067 801 2124 sub
822 2066 935 2142 templo
962 2085 1058 2142 neque
1081 2067 1119 2124 ad
1141 2085 1244 2125 arcum
1267 2067 1357 2124 situm
1378 2067 1469 2144 perti·

169 2187 250 2224 nere.
269 2201 307 2210 —
324 2168 427 2226 titulos
450 2170 494 2227 sic
515 2168 597 2227 dedit
612 2169 789 2227 Marlianins
807 2168 907 2245 (cuius
923 2169 1063 2244 exemplo
1078 2171 1225 2246 potiorem
1242 2177 1409 2227 ceterorum
1424 2168 1469 2226 di·

171 2271 375 2345 screpantiam
396 2271 555 2348 inseram):
577 2267 659 2330 ‘nam
673 2289 735 2331 vno
750 2287 915 2330 arrsruuro
931 2287 1095 2330 mrnmom
1111 2288 1212 2330 naara
1232 2273 1360 2348 legimus
1375 2265 1467 2330 hunc’

173 2371 339 2450 (titulum):

245 2473 292 2550 (a)
336 2493 358 2533 a
375 2477 495 2534 auillius
511 2475 571 2551 (sic
587 2478 679 2549 Man,
694 2477 804 2535 auidius
820 2477 924 2554 ceteri)
941 2478 1055 2536 licinius
1072 2481 1177 2536 trosius
1193 2487 1311 2546 curator
1324 2478 1328 2556 Ι
1343 2477 1469 2536 scholam

335 2579 370 2636 de
391 2597 443 2636 suo
457 2581 529 2654 serit
550 2579 663 2654 (refecit
684 2579 780 2656 Man.)
805 2575 809 2660 l

242 2679 289 2755 (b)
333 2681 436 2756 debryu·
463 2701 529 2757 aup.
557 2683 576 2739 l.
606 2685 760 2741 drusiarrus
790 2703 817 2742 a.
842 2684 944 2757 fabius
971 2685 1094 2742 cantius
1122 2702 1180 2742 cur.
1209 2685 1311 2743 scribis
1339 2684 1468 2742 librariis

335 2793 361 2840 et
384 2785 577 2859 praeconibus
607 2787 670 2842 aed.
694 2785 793 2861 (aedil.
818 2784 923 2860 ceteri)
951 2804 1011 2843 cur.
1035 2786 1161 2844 scholam
1184 2788 1189 2864 l
1213 2787 1249 2845 ab
1271 2787 1402 2845 inchoato
1425 2807 1469 2845 re·

328 2888 462 2962 feceruut
480 2889 670 2946 marmoribus
693 2898 867 2946 ornaverunt
887 2891 1040 2947 uictoriam
1062 2900 1214 2964 aupustam
1230 2900 1256 2948 et
1270 2891 1349 2948 sedes
1364 2909 1469 2949 aeneas

336 3000 362 3048 et
383 3001 475 3048 cetera
496 3000 663 3049 ornamenta
679 2991 683 3068 Ι
702 2994 736 3050 de
757 3009 811 3048 sua
828 2995 955 3067 pecunia
971 2994 1106 3068 feceruut
1126 2992 1286 3069 (faciunda
1301 3003 1472 3051 curaverunt

334 3091 498 3165 Manutius,
521 3094 663 3152 deficiunt
684 3095 754 3152 Met.
777 3093 897 3172 Ligor.:
921 3115 949 3152 v.
972 3094 1063 3169 iufra)

169 3201 262 3252 extra
284 3213 355 3252 vero
377 3195 409 3254 in
431 3197 536 3255 eodem
559 3196 699 3273 epistylio
722 3205 786 3255 erat
806 3197 856 3255 hic
876 3197 981 3255 titulus

247 3297 291 3372 (c)
334 3299 438 3376 bebryce
460 3319 526 3375 aup.
551 3300 569 3356 l.
586 3301 743 3358 drusiacus
765 3319 794 3359 a.
810 3300 915 3376 satius
937 3300 1060 3358 sautius
1084 3317 1143 3358 cur.
1159 3302 1298 3377 imaqiues
1319 3313 1470 3378 argenteas

338 3403 453 3459 deorum
475 3413 577 3478 septem
594 3411 666 3478 post
685 3403 890 3460 dedicationem
905 3403 1020 3461 scholae
1035 3402 1118 3478 (post
1133 3405 1162 3460 d.
1177 3422 1200 3460 s.
1217 3422 1275 3462 om.
1291 3403 1385 3476 Man„
1406 3425 1470 3464 rum

337 3514 440 3579 septem
458 3523 490 3580 p.
513 3507 540 3562 d.
557 3524 581 3562 s.
598 3524 656 3563 om.
672 3503 789 3580 Ligur.)
814 3505 818 3581 l
843 3514 869 3562 et
890 3506 1012 3564 mutulos
1036 3524 1098 3564 cum
1120 3505 1226 3564 tabella
1248 3526 1337 3566 aenea
1359 3510 1394 3566 de
1415 3528 1470 3566 sua

330 3611 456 3682 pecunia
477 3608 615 3664 dederuut
636 3606 783 3681 (feceruut
804 3603 913 3682 Met.)'.

170 3709 220 3768 his
244 3707 358 3767 accedit
379 3709 485 3767 titulus
508 3729 527 3767 a
545 3709 706 3766 Marlianio
728 3708 871 3780 omissus,
893 3709 1093 3787 transcriptus
1116 3731 1135 3768 a
1148 3709 1270 3769 Metello
1286 3712 1469 3790 ceterisque:

243 3811 291 3888 (d)
335 3831 362 3870 a.
383 3811 486 3887 fabius
511 3811 634 3869 canthus
661 3810 764 3884 bebrpu
790 3829 858 3886 auq.
886 3810 905 3868 l.
934 3812 1090 3870 drusiacus
1118 3831 1179 3872 eutr.
1203 3812 1330 3872 scholam
1356 3833 1381 3872 e.
1398 3833 1426 3891 q.
1444 3833 1468 3872 s.

338 3932 471 3991 congrua
492 3913 592 3972 verbis
614 3913 692 3971 tituli
713 3915 733 3970 b
755 3929 850 3989 usque
874 3913 912 3972 ad
934 3923 1101 3974 ornamenta
1124 3915 1275 4000 dederunt:

171 4019 204 4075 in
230 4035 291 4092 quo
319 4017 407 4076 titulo
434 4018 492 4075 hoc
519 4016 637 4088 mirum,
664 4017 746 4091 quod
772 4034 839 4074 cum
868 4016 907 4074 sit
928 4017 1017 4091 plane
1040 4016 1175 4094 geminus
1198 4017 1285 4075 titulo
1307 4018 1327 4076 b
1349 4025 1469 4095 praeter

172 4121 325 4178 inversum
347 4128 381 4178 ut
401 4119 516 4178 assolet
542 4119 574 4178 in
597 4117 775 4194 repetitione
797 4117 933 4176 ordinem
959 4119 1111 4178 nominum
1134 4119 1337 4197 conlegarum,
1363 4121 1471 4180 ultima

171 4223 265 4280 verba
293 4222 360 4280 sola
389 4223 526 4280 dicuntur
556 4219 688 4292 differre;
723 4220 829 4279 deinde
863 4220 1064 4298 suspicionem
1093 4229 1195 4281 movet
1226 4223 1308 4298 quod
1331 4223 1470 4281 Metellus

172 4335 262 4400 atque
282 4323 426 4400 Ligurius
449 4323 533 4400 (vide
554 4331 653 4380 tamen
675 4341 713 4380 ne
733 4323 782 4381 hic
804 4323 841 4381 ab
864 4323 916 4381 illo
938 4325 1069 4401 pendeat
1090 4324 1120 4382 id
1143 4326 1223 4400 quod
1245 4335 1331 4384 tenor
1353 4325 1430 4383 tituli
1453 4344 1469 4382 c

172 4427 209 4483 ab
239 4434 367 4502 utroque
394 4426 530 4484 similiter
557 4425 685 4484 truncati
712 4425 785 4482 mihi
811 4433 891 4483 certe
917 4425 1041 4484 innuere
1071 4427 1202 4503 ridetur)
1229 4448 1296 4486 eum
1319 4427 1468 4505 integrum

175 4527 330 4599 exhibent,
361 4527 471 4587 omittit
498 4536 592 4586 totum
618 4527 807 4602 Marlianius,
843 4548 882 4587 ex
908 4528 1082 4588 Manutiano
1108 4537 1207 4588 autem
1234 4531 1373 4608 exemplo
1395 4529 1470 4588 talia

172 4629 344 4690 referuntur

278 4861 327 4904 a·
350 4859 453 4904 ramus
477 4873 484 4889 ·
506 4845 662 4904 xaurlltlll

278 4963 317 5004 ns
338 4977 346 4992 ·
369 4961 533 5007 rucuosro
557 4977 564 4991 ·
587 4946 863 5006 rsrscrrtllllttmvs
887 4975 894 4990 ·
915 4963 1004 5005 asnu
1027 4977 1034 4992 ·
1058 4961 1117 5006 cvr
1142 4977 1156 4992 ν
1173 4962 1321 5007 senorum

175 5164 279 5216 eontra
299 5157 446 5237 integrum
469 5159 581 5217 habent
595 5157 771 5218 Marlianins
787 5165 816 5216 et
831 5159 986 5218 Manutius
1008 5159 1128 5218 titulum
1150 5160 1179 5232 b,
1202 5159 1387 5220 dimidiatum
1402 5161 1466 5220 Me·

174 5259 265 5318 tellus
288 5279 353 5319 cum
369 5261 494 5339 Ligurio
518 5261 585 5337 (qui
600 5271 700 5320 tamen
716 5261 796 5319 binis
816 5262 975 5320 vocabulis
998 5281 1025 5319 v.
1045 5263 1057 5318 l
1084 5269 1174 5338 auget
1188 5282 1247 5322 uno
1269 5262 1331 5322 v.2
1355 5264 1469 5341 privat)

168 5360 198 5417 in
220 5363 299 5422 hunc
320 5365 440 5424 modum

1226 5467 1264 5526 19
