3596 6040
452 594 585 646 senar.
606 594 709 646 cous.
728 595 833 645 naar.
853 596 901 644 ns
921 593 1121 647 oraremus.
1380 577 1450 646 159

127 769 173 827 Pii
192 769 320 844 priores.
364 765 459 826 Nulla
480 768 557 826 enim
581 786 672 826 causa
696 775 752 840 est,
780 785 857 845 quae
878 769 1012 826 Marcum
1034 768 1073 827 ad
1095 767 1272 826 tribuniciae
1294 770 1453 843 potestatis

126 871 278 948 fastigium
297 871 357 927 iam
379 889 406 928 a.
425 870 483 928 146
501 879 686 946 provectum,
708 870 814 928 deinde
830 889 899 928 vero
915 870 952 928 ad
968 870 1062 946 patris
1078 879 1203 928 mortem
1219 887 1315 946 usque
1329 871 1453 928 eundem

126 973 222 1030 locum
238 973 421 1030 obtinentem
444 993 462 1030 a
478 973 637 1031 senatoriis
653 972 761 1030 officiis
777 973 913 1045 arcuerit,
936 972 1024 1030 modo
1042 992 1079 1030 ea
1100 973 1129 1030 in
1153 990 1185 1030 se
1207 973 1340 1048 recipere
1355 972 1454 1030 vellet.

208 1074 235 1132 2.
283 1093 400 1133 .....s
423 1074 466 1132 M.
483 1076 510 1148 s.
538 1073 604 1132 aaz.
628 1075 715 1133 Verus
749 1076 799 1150 qui
825 1075 922 1145 fuerit,
956 1075 1070 1146 nesci0;
1105 1093 1173 1132 nam
1201 1074 1238 1131 de
1263 1073 1312 1131 Pii
1341 1089 1454 1146 socero,

127 1195 180 1234 avo
196 1176 294 1234 Marci
309 1177 349 1234 M.
366 1178 465 1234 Annio
481 1175 562 1235 Vero
583 1176 706 1234 consule
728 1187 772 1235 ter
795 1177 920 1252 cogitari
942 1195 1001 1234 non
1024 1177 1142 1252 poterit,
1165 1195 1346 1252 quamquam
1368 1175 1407 1234 ad
1428 1196 1455 1234 a.

126 1297 219 1354 usque
245 1279 305 1337 138
329 1298 395 1336 eum
423 1287 541 1336 constat
563 1279 716 1338 advixisse
740 1279 815 1354 (vita
836 1279 885 1336 Pii
908 1279 950 1354 4).
996 1279 1045 1336 Ad
1070 1280 1166 1353 ipsam
1190 1277 1285 1336 Marci
1311 1278 1455 1336 familiam

124 1381 199 1438 huuc
220 1381 373 1438 hominem
401 1380 596 1439 nihilominus
624 1391 658 1438 ut
682 1382 845 1440 referamus
875 1389 992 1455 praeter
1019 1398 1185 1458 cognomen
1215 1381 1312 1438 tribus
1338 1398 1457 1456 quoque

127 1483 240 1552 suadet,
265 1482 302 1538 de
325 1501 386 1557 qua
407 1483 540 1541 dicemus
563 1485 730 1542 adnomen
754 1492 901 1558 quartum.

208 1585 237 1642 3.
284 1583 326 1642 M.
343 1585 484 1644 Hosidius
501 1586 544 1641 M.
562 1587 589 1659 s.
613 1585 706 1642 A
730 1584 834 1660 [Get]a
855 1586 926 1642 item
949 1585 1069 1660 ignotus
1091 1583 1246 1642 deseendit
1267 1582 1396 1642 fortasse
1418 1605 1457 1642 ex

127 1685 178 1745 Cn.
201 1685 336 1744 Hosidio
360 1684 440 1746 Geta
461 1687 586 1746 consule
607 1687 683 1745 inter
705 1705 731 1744 a.
756 1689 793 1744 4l
819 1695 846 1744 et
868 1686 907 1744 46
932 1686 973 1762 (v.
996 1705 1073 1762 quae
1094 1686 1156 1744 dixi
1185 1687 1215 1742 in
1238 1686 1313 1744 actis
1336 1686 1457 1744 minori·

126 1789 179 1846 bus
205 1805 270 1846 soc.
300 1786 470 1848 Saxonicae
495 1808 521 1846 a.
549 1788 626 1846 1852
654 1807 682 1864 p.
701 1788 791 1864 276),
820 1788 870 1864 qui
898 1807 964 1846 cum
993 1788 1110 1864 collega
1138 1796 1258 1846 senatus
1287 1789 1457 1846 consultum

125 1890 193 1948 fecit
214 1891 253 1947 de
276 1891 423 1948 aedificiis
446 1909 506 1948 non
528 1891 690 1949 diruendis.

206 1992 236 2048 4.
282 1991 328 2048 M.
359 1990 471 2050 Annius
499 1993 542 2050 M.
559 1995 586 2066 f.
612 1991 678 2051 Gal.
701 1992 776 2050 Libo
798 1994 917 2051 videtur
944 2011 1011 2052 esse
1037 1993 1131 2051 Marci
1163 1992 1325 2068 patruelis,'
1346 1991 1460 2049 scilicet

127 2093 204 2151 filius
232 2094 335 2168 patrui
362 2095 425 2152 eius
454 2094 639 2170 cognominis
669 2095 801 2153 consulis
824 2115 850 2152 a.
877 2094 944 2166 128,
973 2096 1000 2152 is
1028 2095 1078 2172 qui
1100 2095 1217 2170 legatus
1242 2092 1346 2169 Syriae
1369 2093 1459 2168 periit

127 2215 151 2252 a.
175 2194 234 2253 165
259 2195 339 2270 (vita
354 2195 426 2252 Veri
450 2215 473 2253 c.
492 2196 534 2270 9).
579 2196 691 2254 Tribus
709 2194 832 2255 Galeria
854 2205 924 2273 apta
947 2206 1006 2266 eat3
1029 2217 1097 2254 nam
1114 2197 1232 2254 Annius
1248 2195 1347 2254 Verus
1368 2195 1458 2252 huius

127 2296 259 2354 familiae
287 2298 426 2372 princeps
455 2317 487 2354 eu
515 2297 705 2356 Succubitano
736 2302 890 2373 municipio
918 2317 951 2355 aa
978 2299 1127 2374 Hispania
1148 2303 1247 2373 sactus
1274 2306 1388 2355 sanator
1413 2306 1460 2356 est

128 2397 202 2471 (vita
223 2399 322 2456 Marci
347 2398 392 2474 1);
422 2397 549 2459 Succubi
577 2409 676 2457 autern
708 2400 849 2476 oppidum
873 2418 1052 2476 quamquam
1075 2401 1195 2477 proprie
1218 2400 1268 2457 ubi
1288 2399 1379 2457 fuerit
1399 2407 1459 2456 tra-

128 2499 217 2556 ditum
234 2519 298 2558 non
312 2501 468 2571 habemus,
492 2500 671 2578 Hispaniam
687 2519 796 2577 magns
812 2521 850 2559 ex
871 2512 957 2577 parte
976 2503 1007 2559 in
1023 2500 1147 2561 Galeria
1162 2519 1280 2560 censam
1295 2517 1363 2559 esse
1386 2501 1459 2558 satis

128 2609 251 2659 constat.
271 2633 312 2644 —
328 2602 516 2679 Borghesius
540 2612 638 2661 tamen
660 2604 691 2660 in
706 2604 793 2661 fastis
809 2603 928 2660 ineditis
944 2605 1065 2662 nomina
1080 2603 1199 2661 diversa
1214 2603 1325 2679 posuit,
1348 2601 1461 2659 scilicet

128 2711 210 2779 pater
232 2704 271 2760 ad
296 2723 323 2760 a.
350 2703 407 2761 128
433 2705 475 2762 ibi
503 2705 672 2782 appellatur
694 2704 732 2762 L.
757 2706 870 2762 Annius
895 2704 938 2762 M.
955 2707 983 2779 f.
1008 2705 1093 2776 Libo,
1120 2705 1199 2763 filius
1227 2706 1305 2763 inter
1331 2704 1460 2761 incertos

129 2807 180 2862 sub
206 2806 266 2863 Pio
291 2806 430 2864 consules
458 2807 622 2866 collocatus
646 2807 753 2865 dicitur
779 2807 823 2866 M.
851 2806 964 2865 Annius
987 2807 1024 2864 L.
1047 2810 1075 2882 s.
1098 2807 1142 2865 M.
1169 2827 1197 2864 n.
1226 2805 1353 2865 Sabinus
1375 2804 1460 2876 Libo,

129 2907 232 2982 quibus
256 2909 419 2966 obsecutus
441 2908 584 2966 Perrotus
606 2911 700 2967 nostri
723 2910 834 2968 decreti
852 2909 998 2967 Libonem
1021 2909 1112 2967 alium
1136 2927 1203 2967 esse
1223 2908 1375 2967 iudicavit.
1419 2908 1461 2964 At

129 3009 289 3067 videndum
319 3029 356 3068 ne
382 3011 489 3068 errarit
512 3011 702 3087 Borghesius.
749 3010 871 3071 Scilicet
897 3011 975 3088 patri
1002 3012 1118 3069 consuli
1147 3031 1173 3070 a.
1200 3011 1257 3069 128
1281 3027 1461 3086 praenomen

131 3111 255 3169 mutavit
277 3119 403 3188 propter
424 3113 559 3188 figlinam
582 3114 706 3171 relatam
733 3113 763 3170 in
787 3113 978 3170 adnotatione
1000 3113 1122 3172 Renieri
1149 3131 1218 3188 opp.
1242 3114 1270 3183 3,
1287 3111 1362 3169 244:
1386 3127 1460 3168 uxr

131 3229 225 3270 111111
243 3228 316 3270 urso
333 3227 385 3270 suu
402 3231 438 3272 εχ
453 3231 509 3273 ors
523 3231 565 3272 un
582 3231 641 3274 nec
654 3217 657 3292 Ι
672 3230 824 3273 scrutano
841 3231 870 3272 111
886 3232 921 3272 ετ
936 3230 1021 3273 varo
1035 3217 1039 3292 1
1053 3231 1126 3285 cos3
1149 3215 1202 3272 filii
1222 3233 1329 3274 nomen
1346 3221 1461 3289 praete·

130 3333 178 3372 rea
198 3315 346 3373 formavit
373 3317 410 3374 ad
437 3317 556 3375 titulum
578 3317 753 3374 Larinatem
777 3316 871 3375 Oreli.
897 3316 955 3373 124
983 3325 1189 3375 consecratum
1216 3317 1285 3374 divo
1308 3315 1461 3374 Antonino

130 3426 265 3475 curatore
282 3417 326 3474 M.
343 3417 439 3476 Annio
456 3417 565 3476 Sabino
583 3418 692 3477 Libona
708 3439 730 3478 a.
747 3438 772 3475 u.
817 3420 859 3476 At
874 3428 1029 3494 praeterea
1048 3420 1074 3477 si
1094 3419 1262 3496 Borghesio
1283 3418 1463 3475 innotuisset

133 3527 252 3576 senatus
277 3520 445 3578 consultum
463 3519 654 3597 Cyzicenum,
677 3522 730 3580 vix
753 3521 927 3578 retinuisset
949 3539 1038 3596 quam
1062 3539 1099 3578 ex
1122 3521 1224 3596 tegula
1244 3520 1298 3577 iiia
1319 3519 1355 3576 de
1377 3537 1462 3595 prae·

131 3621 246 3678 nomine
271 3622 406 3682 consulis
430 3641 456 3680 a.
476 3622 532 3681 128
556 3630 674 3699 ceperat
696 3623 877 3699 opinionem,
901 3621 954 3679 sed
969 3623 1065 3699 magis
1088 3622 1240 3680 dominum
1263 3623 1326 3680 eius
1348 3620 1462 3697 praedii

132 3723 295 3782 sconsule
318 3723 468 3782 diversum
489 3725 692 3797 iudicavisset,
716 3725 828 3783 utiam
851 3741 906 3780 nos
929 3725 1106 3782 iudicamus.

213 3827 242 3883 5.
293 3824 328 3894 Q.
350 3824 530 3902 Pompo[ius]
556 3827 590 3897 Q.
607 3831 634 3902 f.
658 3828 732 3884 Hor.
756 3826 921 3884 Bassianus
948 3835 1103 3900 praeterea
1127 3827 1248 3901 ignotus
1275 3833 1329 3882 est.
1373 3823 1462 3882 Pom·

133 3929 252 4002 ponium
281 3927 313 3983 iu
340 3928 439 4003 lapide
465 3948 525 3986 non
551 3930 644 3987 fuisse
670 3928 855 4002 intellegitur
882 3947 920 3984 ex
948 3927 1067 3985 litterae
1093 3928 1214 4003 quintae
1239 3927 1353 3984 fractae
1379 3926 1463 4000 apice

134 4027 280 4098 inferiore,
305 4030 357 4104 qui
378 4049 438 4088 non
460 4040 561 4105 potest
583 4033 675 4090 fuisse
698 4045 731 4100 0,
754 4031 806 4086 sed
829 4029 886 4086 fuit
908 4047 916 4086 1
938 4039 991 4087 aut
1014 4047 1029 4087 e
1052 4029 1204 4088 similisve.

214 4131 241 4188 6.
289 4129 328 4187 L.
343 4131 465 4190 Masius
480 4133 517 4190 L.
527 4136 554 4208 s.
573 4133 653 4202 Quin
668 4133 798 4190 Iulianus
864 4132 952 4189 huius
976 4132 1044 4190 anni
1067 4139 1242 4208 quaestores
1264 4130 1370 4189 urbani
1392 4130 1462 4187 item

214 4233 242 4290 7.
289 4232 327 4289 L.
352 4233 463 4292 Gellius
484 4235 521 4292 L.
535 4238 562 4310 s.
587 4235 650 4292 Ter.
677 4235 798 4293 Seuerus
865 4236 946 4310 quod
969 4235 1061 4292 sciam
1084 4234 1155 4292 alibi
1181 4253 1241 4291 non
1262 4233 1463 4292 nominantur.

214 4333 266 4391 Ad
288 4343 381 4394 testes
404 4337 461 4395 hos
484 4345 597 4413 septem
620 4337 734 4395 accedit

216 4437 244 4494 8.
291 4437 407 4512 Appius
424 4437 528 4497 Gallus
544 4439 651 4496 consul
670 4439 853 4516 designatus.
891 4439 995 4516 Nepos
1010 4439 1037 4497 is
1052 4438 1170 4496 videtur
1188 4439 1281 4496 fuisse
1297 4439 1356 4514 Ap.
1372 4437 1465 4495 Annii

138 4534 228 4611 Galli,
243 4539 381 4598 consulis
397 4558 463 4598 cum
478 4539 513 4598 L.
527 4539 679 4598 Verulano
696 4539 808 4601 Severo
823 4541 894 4618 imp.
906 4541 1095 4617 Vespasiano
1112 4540 1228 4616 (Maffei
1244 4540 1284 4598 M.
1298 4537 1334 4596 V.
1350 4537 1418 4608 126,
1433 4539 1464 4607 13

136 4638 284 4717 Borghesi
299 4659 369 4716 opp.
386 4643 415 4711 5,
429 4640 497 4699 324.
515 4642 542 4713 6,
557 4641 641 4717 251),
664 4643 747 4701 cuius
764 4643 887 4701 Tacitus
902 4653 931 4700 et
947 4641 1107 4702 Suetonius
1129 4643 1241 4716 passim
1258 4639 1464 4710 meminerunt,

135 4741 213 4800 filius
230 4743 290 4818 Ap.
307 4743 398 4800 Annii
414 4743 556 4801 Trebonii
573 4742 655 4802 Galli
672 4746 805 4802 consulis
821 4745 965 4802 ordinarii
981 4763 1007 4802 a.
1024 4745 1080 4802 108
1098 4763 1164 4802 cum
1180 4745 1219 4800 M.
1235 4742 1328 4800 Atilio
1344 4740 1465 4798 Bradua

137 4841 239 4916 (Grut.
257 4842 443 4914 65,7=0.
460 4844 484 4902 I.
500 4844 535 4902 L.
559 4846 613 4916 VI,
630 4846 703 4918 6803
732 4845 857 4903 Henzen
882 4846 986 4920 7165).
1035 4846 1138 4922 Ipsum
1161 4845 1303 4902 Perrotus
1326 4843 1465 4919 probabi·

135 4944 201 5004 liter
223 4946 319 5004 credit
343 4945 464 5005 Gallum
487 4967 564 5019 eum,
587 4967 674 5023 quem
697 4948 795 5004 fasces
818 4947 950 5022 gessisse
973 4966 1040 5006 eum
1063 4947 1208 5004 Marcello
1230 4945 1361 5021 quodam
1384 4944 1466 5002 oolli-

137 5047 214 5121 gitur
243 5067 281 5106 ex
305 5048 466 5124 diplomate
488 5050 547 5108 vol.
565 5049 612 5106 III
633 5069 661 5125 p.
680 5047 738 5106 883
768 5049 880 5125 scripto
902 5056 932 5106 et
951 5049 1020 5126 ipso
1041 5049 1206 5123 imperante
1231 5047 1297 5106 Pio.
1341 5047 1378 5104 Id
1399 5066 1465 5106 cum

138 5149 256 5207 eosdem
278 5151 340 5208 fere
362 5159 453 5209 testes
469 5152 580 5210 babeat
601 5159 689 5226 atque
711 5150 836 5208 alterum
858 5151 878 5208 l.
895 5170 920 5208 c.
936 5170 965 5226 p.
982 5150 1041 5210 882
1058 5150 1127 5207 anni
1143 5169 1171 5225 p.
1188 5147 1222 5208 C.
1242 5151 1310 5221 157,
1333 5149 1465 5208 eiusdem

138 5247 197 5308 fere
226 5253 333 5310 aetatis
361 5269 429 5310 esse
456 5271 511 5330 ego
539 5253 716 5324 iudicaram3
748 5253 827 5329 quod
855 5253 880 5311 si
913 5253 949 5312 de
978 5250 1069 5312 Gallo
1096 5270 1197 5312 verum
1225 5251 1301 5312 vidit
1322 5251 1465 5314 Perrotus
