3620 6050
943 543 1090 595 JORDAN

836 733 1044 776 ....ANVS

761 841 814 889 post
835 836 910 878 aedem
932 835 1078 878 cessonis
1102 849 1109 864 ·
1132 836 1270 879 nacvtuo

835 962 916 980 ....
943 939 1070 979 ΙΝΙΑΝΑΕ

930 1039 1063 1082 5155711011
1076 1055 1082 1068 ·
1096 1041 1189 1084 FABER
1203 1057 1209 1071 ·
1223 1043 1285 1084 ARG

930 1143 961 1182 56
981 1142 1169 1186 roRTVMNVM

355 1331 433 1388 idern
468 1329 585 1387 monuit
616 1329 727 1405 optime
763 1331 836 1388 talia
867 1330 1014 1406 quadrare
1037 1329 1191 1391 Smetiano
1225 1334 1261 1391 de
1295 1334 1381 1391 titulo
1415 1333 1508 1391 altero
1530 1332 1693 1391 Vortumni

356 1431 536 1490 testimonio.-
568 1432 668 1508 itaque
689 1431 796 1490 similis
812 1434 995 1490 monumenti
1015 1433 1170 1510 inscriptio
1192 1444 1310 1511 reperta
1329 1445 1398 1512 post
1419 1435 1562 1509 templum
1584 1433 1694 1494 Casto·
1801 1445 1802 1510 1

356 1535 398 1592 ris
421 1543 489 1592 5515
505 1533 682 1610 quadratum
704 1534 777 1592 illud
799 1534 976 1606 aedificium,
998 1535 1079 1612 quod
1101 1556 1179 1594 nunc
1194 1555 1313 1612 quoque
1335 1555 1393 1612 quo
1415 1538 1532 1595 nomine
1555 1539 1596 1596 sit
1618 1557 1693 1594 nun·

356 1635 528 1714 cupandum
550 1636 709 1708 dubitatur,
733 1637 786 1694 illa
809 1643 906 1694 aetate
927 1636 1016 1694 facilc
1038 1657 1093 1712 pro
1114 1633 1325 1698 ‘dedicatione'
1348 1639 1451 1714 templi
1467 1639 1615 1698 venditari
1629 1617 1695 1716 po·
1801 1639 1802 1650 *

356 1739 423 1810 tuit,
446 1757 506 1796 non
522 1746 622 1815 potest
636 1738 731 1797 fuisse
746 1738 949 1797 consularium
972 1741 1234 1816 triumphaliumve
1256 1741 1401 1798 fastorum
1423 1741 1633 1817 fragmentum.
1650 1775 1692 1784 -

357 1851 425 1900 ante
453 1841 597 1918 templum
630 1841 741 1898 misera
772 1841 918 1916 quaedam
952 1842 1155 1918 inscriptionis
1181 1861 1363 1918 permagnos
1390 1843 1454 1900 sive
1482 1844 1617 1900 binarum
1645 1844 1693 1900 in-

359 1943 557 2018 scriptionum
578 1943 709 2002 frustula
730 1952 849 2019 reperta
872 1951 942 2002 sunt
964 1943 1027 2018 (64.
1045 1944 1113 2020 65):
1137 1964 1173 2004 ea
1188 1965 1226 2003 an
1246 1945 1307 2004 siut
1329 1945 1523 2004 dedicationis
1545 1945 1694 2023 reliquiae

362 2046 475 2118 dubito,
499 2045 536 2104 cl.
559 2064 583 2102 c.
607 2044 649 2103 II.

442 2148 556 2206 Eadem
585 2153 761 2223 tempestate
790 2147 861 2223 (hoc
890 2155 935 2206 est
962 2154 1030 2207 ante
1060 2169 1085 2205 5.
1113 2148 1206 2224 1495)
1233 2157 1311 2208 15515
1338 2147 1450 2208 Sabino
1477 2150 1554 2225 lapis
1577 2170 1606 2208 n.
1633 2150 1693 2207 109

359 2250 414 2308 sub
443 2269 512 2308 arcu
541 2247 645 2310 Severi
672 2258 809 2326 repertus
838 2258 885 2308 est
911 2251 1105 2327 iacebantque
1134 2259 1209 2309 teste
1234 2252 1370 2310 lucundo
1398 2251 1594 2329 (Pighioque)
1630 2262 1694 2310 tres

360 2353 448 2410 bases
470 2372 500 2410 n.
518 2353 553 2410 91
579 2353 688 2410 ibidem
711 2352 760 2410 ubi
783 2354 872 2410 bases
895 2354 1042 2428 virginum
1066 2353 1178 2411 Vestae
1200 2361 1336 2429 repertae
1359 2335 1437 2411 sunt.

444 2455 483 2512 Α.
510 2454 588 2513 1509
616 2473 709 2530 prope
737 2455 879 2531 templum
902 2455 1084 2531 Vespasiani
1111 2456 1200 2514 multe
1219 2474 1366 2514 marmore
1393 2475 1459 2513 cum
1482 2455 1587 2532 eisque
1610 2457 1697 2516 basis

363 2577 391 2614 n.
418 2557 476 2614 110
499 2555 609 2616 effossa
632 2563 687 2614 est.

445 2659 483 2718 Α.
510 2659 589 2718 1539
611 2668 769 2736 praesente
791 2660 939 2718 Accursio
966 2662 1006 2718 ed
1029 2662 1101 2720 lates
1124 2679 1210 2720 orcus
1235 2660 1365 2737 Septimii
1387 2670 1452 2719 eote
1474 2663 1572 2719 eedem
1595 2660 1697 2737 Serpit

362 2771 388 2820 et
402 2762 515 2819 Becclrt
537 2760 649 2820 effossa
669 2762 752 2820 basis
769 2759 943 2820 Stilichonis
966 2782 994 2819 n.
1013 2765 1085 2820 111:
1109 2763 1144 2820 de
1166 2763 1232 2820 loco
1255 2763 1401 2822 ecclesiae
1423 2764 1580 2822 dicendum
1604 2783 1629 2820 c.
1645 2764 1696 2834 113

362 2883 421 2922 non
443 2881 536 2940 posse
558 2883 623 2920 cam
646 2867 760 2939 perisse
783 2865 918 2936 51536,
942 2883 1018 2940 quae
1040 2866 1097 2924 fuit
1119 2865 1199 2924 Fcae
1217 2867 1329 2941 opinio,
1352 2867 1409 2923 hoe
1430 2867 1498 2942 ipso
1514 2866 1695 2924 documento

361 2974 486 3026 constat.
531 2985 623 3043 quare
646 2985 724 3024 nunc
747 2967 944 3024 confidentius
967 2985 1057 3042 quam
1081 2969 1153 3026 olim
1175 2968 1268 3045 (Top.
1286 2968 1313 3040 2,
1330 2966 1459 3043 45155.)
1486 2986 1551 3024 earn
1575 2967 1625 3025 Pii
1647 2967 1696 3025 IV

361 3078 495 3146 tempore
518 3067 755 3144 (1559-1565)
779 3069 906 3126 dirutam
930 3087 998 3128 esse
1020 3070 1157 3128 arbitror.
1208 3066 1211 3074 ’

445 3173 526 3230 Ante
554 3191 580 3228 a.
607 3171 685 3230 1543
710 3190 768 3248 quo
790 3170 957 3230 Martianus
984 3171 1108 3231 alteram
1130 3171 1363 3250 Topographiae
1389 3171 1548 3230 editionem
1577 3174 1698 3248 paravit

363 3275 414 3332 sub
437 3275 538 3350 tempto
556 3273 732 3332 Concordiae
755 3273 860 3347 (immo
877 3271 1013 3350 Saturni)
1036 3275 1248 3352 inscriptiones
1264 3273 1397 3350 epistylii
1414 3274 1535 3332 scholae
1550 3275 1697 3333 Xanthae

364 3376 407 3452 (n.
425 3376 457 3451 3)
491 3374 634 3434 effossae:
668 3375 749 3450 quod
781 3375 894 3433 factum
928 3393 996 3434 esse
1023 3385 1092 3453 post
1118 3397 1144 3436 a.
1171 3377 1265 3448 1539,
1294 3395 1353 3452 quo
1382 3377 1479 3452 prima
1505 3376 1575 3435 libri
1602 3377 1696 3434 editio

364 3478 476 3537 emissa
509 3487 569 3549 cst,
610 3477 732 3536 dixeris.
777 3486 855 3535 certe
881 3495 976 3553 neque
1007 3479 1038 3536 in
1065 3480 1122 3537 hoc
1149 3479 1226 3536 libro
1255 3497 1352 3554 neque
1381 3479 1460 3554 apud
1489 3479 1527 3536 A.
1551 3478 1696 3536 Fulvium

365 3581 480 3640 aliosve
513 3581 564 3656 qui
596 3588 665 3638 ante
698 3599 725 3637 a.
754 3580 831 3639 1553
866 3582 1023 3657 scripsere,
1057 3582 1201 3640 memoria
1233 3581 1297 3639 eius
1331 3580 1503 3638 effossionis
1538 3588 1632 3638 extat.
1656 3615 1697 3623 -

363 3683 468 3742 eadem
489 3689 668 3764 tempestate
683 3715 723 3725 --
739 3683 879 3740 nimirum
901 3691 977 3742 teste
992 3683 1141 3743 Marliano
1160 3687 1298 3758 proximis
1321 3686 1405 3740 eoois
1428 3692 1495 3738 ante
1518 3701 1545 3739 a.
1562 3683 1641 3740 1543
1654 3717 1697 3725 -

364 3804 457 3864 prope
486 3783 519 3843 S.
547 3784 735 3842 Laurentium
762 3787 792 3841 tn
815 3784 955 3844 llltronde
977 3795 1052 3844 teste
1080 3785 1220 3844 Fabricio
1248 3803 1319 3862 pars
1347 3785 1577 3861 inscriptionum
1606 3804 1697 3850 arcus

362 3887 490 3946 Fabiani
515 3887 609 3962 (92⁸)
632 3887 743 3944 effossa
765 3895 826 3944 est:
850 3907 878 3945 v.
902 3907 928 3944 a.
955 3888 1044 3946 1546.

447 3991 504 4046 Α5.
524 3988 612 4047 1546.
632 3989 709 4048 1547
726 3988 841 4047 feraces
856 3989 938 4047 fuere
953 3991 1104 4048 fructuum
1119 3991 1389 4068 epigraphicornm.
1413 3989 1551 4048 nimirum
1569 4010 1596 4048 5.
1616 3990 1696 4048 1546

366 4091 447 4168 (1565
470 4111 488 4148 5
510 4091 537 4149 6.
564 4091 601 4150 15
618 4091 749 4167 Augusti
772 4093 935 4156 secundum
949 4091 1118 4170 Ligerium)
1143 4103 1216 4152 teste
1233 4093 1352 4152 Metello
1370 4111 1464 4169 prope
1479 4100 1534 4150 tres
1550 4091 1699 4150 columnas

364 4194 407 4269 (v.
430 4215 458 4252 n.
483 4193 537 4268 69)
562 4194 730 4268 fragmenta
757 4193 903 4251 fastorum
930 4195 1134 4253 consularium
1157 4196 1191 4252 Ι51
1217 4195 1443 4271 triumphalium
1468 4203 1589 4270 reperta
1616 4204 1698 4267 sunt,

364 4298 422 4354 hoc
448 4301 495 4352 est
520 4295 604 4353 iuxta
631 4295 709 4353 latus
737 4295 929 4352 meridionale
958 4297 1062 4373 templi
1096 4295 1267 4368 Castorum,
1300 4297 1353 4355 nbi
1384 4297 1499 4372 reliqua
1532 4296 1701 4372 fragmenta

364 4404 483 4475 praeter
511 4397 695 4472 paucissima
717 4397 804 4456 annis
831 4397 908 4456 1817
923 4415 946 4455 5.
973 4397 1104 4458 187055.
1128 4407 1262 4456 extracta
1285 4408 1367 4457 sunt:
1398 4419 1424 4456 v.
1448 4399 1515 4456 adn.
1540 4399 1579 4456 ad
1601 4420 1631 4456 n.
1660 4401 1699 4458 69

365 4510 394 4560 51
415 4501 494 4558 infra
510 4518 534 4558 5.
551 4500 590 4557 ΙΙ.
625 4501 768 4558 universa
790 4499 961 4557 testimonia
976 4499 1068 4559 habes
1091 4502 1129 4558 ab
1145 4500 1288 4559 Henzeno
1312 4509 1372 4558 tam
1397 4501 1552 4578 diligenter
1575 4519 1700 4578 compo·

365 4603 422 4662 sita
449 4602 500 4659 vix
527 4610 560 4660 ut
586 4603 666 4678 quod
692 4602 785 4660 addas
812 4603 972 4660 inveneris.
997 4635 1035 4644 -
1058 4603 1137 4661 idem
1160 4604 1332 4662 observavit
1353 4602 1592 4660 eruderationem
1615 4603 1699 4661 illam

365 4707 403 4764 ab
427 4704 540 4762 ultimis
564 4723 590 4762 5.
616 4703 695 4762 1546
719 4704 873 4762 mensibus
897 4705 992 4762 videri
1014 4706 1216 4763 continuatam
1239 4723 1306 4762 esse
1329 4723 1425 4781 usque
1448 4704 1486 4762 ad
1508 4705 1699 4763 51547.-

366 4807 471 4865 eodem
494 4825 572 4864 anno
598 4805 675 4864 1547
699 4806 817 4882 reliqua
839 4823 908 4884 pars
932 4806 1161 4883 inscriptionum
1186 4825 1273 4865 arcus
1289 4807 1419 4866 Fabiani
1441 4823 1533 4881 prope
1555 4807 1700 4884 templum

365 4909 531 4968 Faustinae
561 4908 682 4966 inventa
709 4917 757 4967 est
786 4909 885 4983 (51.5.
910 4909 1013 4984 1543).
1062 4927 1162 4966 earum
1195 4928 1282 4966 unam
1312 4909 1343 4966 in
1364 4908 1563 4966 Maximorum
1594 4909 1701 4966 hortos

367 5011 515 5068 transisse
530 5010 670 5068 traditum
686 5018 752 5079 esta
764 5030 842 5069 nunc
854 5010 1009 5069 Lancianii
1024 5010 1173 5068 industria
1188 5019 1373 5088 compertum
1389 5011 1534 5069 habemus
1547 5010 1701 5070 Maximos

369 5113 400 5168 in
423 5113 630 5170 eruderatione
652 5114 754 5188 templi
778 5113 951 5184 Faustinae,
975 5113 1059 5171 cuius
1082 5114 1193 5190 gradus
1216 5132 1232 5170 5
1253 5122 1335 5170 terra
1355 5121 1418 5170 tum
1439 5121 1610 5187 protractos
1633 5131 1702 5172 esse

369 5212 408 5270 56
434 5213 597 5272 ornandam
624 5215 781 5274 basilicam
803 5215 981 5274 Vaticanam
1008 5223 1071 5274 tum
1098 5215 1229 5274 maxime
1256 5215 1312 5274 sub
1341 5214 1514 5291 magisterio
1540 5215 1700 5274 Michaelis
