3632 6040
265 1891 793 2009 GVTllNSTllNlANA
817 1897 898 2008 ΕΤ
924 1897 1346 2012 natantum.

223 2219 431 2283 Mommsenus
458 2243 525 2283 eum
550 2225 582 2283 in
609 2224 701 2283 vol.I
722 2245 750 2302 p.
769 2225 806 2283 67
824 2241 907 2301 seqq.
936 2225 972 2283 de
1000 2225 1059 2284 fide
1080 2224 1253 2286 Leonhardi
1278 2226 1470 2288 Gutenstenii

132 2323 312 2399 disputaret,
340 2327 498 2402 requisivit
522 2336 556 2386 ut
581 2327 749 2386 accuratius
771 2327 971 2403 inquireretur
993 2329 1023 2386 in
1045 2329 1166 2388 fraudes
1189 2329 1254 2388 eius
1277 2339 1307 2389 et
1328 2343 1471 2408 excerpta

134 2425 329 2501 potissimum
347 2428 522 2488 Metelliana
544 2429 703 2508 diligenter
725 2429 975 2489 examinarentur.
1019 2431 1108 2490 Unde
1131 2449 1191 2489 non
1212 2432 1317 2490 inutile
1340 2434 1471 2493 iudicavi

133 2532 194 2590 hoc
215 2531 282 2589 loco
299 2547 486 2606 componere,
511 2532 535 2590 si
558 2551 617 2607 qua
638 2532 669 2590 in
692 2531 875 2590 elaborando
892 2530 1026 2609 Corpore
1049 2533 1278 2610 inscriptionum
1293 2534 1470 2596 Latinarum

133 2634 308 2710 repperisse
330 2633 404 2690 mihi
426 2635 509 2692 visus
532 2653 639 2707 essem,
667 2635 777 2710 quibus
800 2635 967 2694 accuratius
990 2635 1210 2712 perspiceretur
1231 2637 1349 2696 indoles
1372 2639 1467 2698 homi-

134 2737 185 2794 nis
209 2739 339 2794 stratio
362 2735 391 2792 in
415 2737 568 2794 tradendis
591 2737 837 2812 inscriptionibus
860 2737 935 2796 eius.

220 2837 262 2896 Et
283 2839 381 2914 primo
403 2839 523 2914 quidem
547 2840 695 2915 agendum
718 2840 774 2897 erit
796 2841 833 2897 de
850 2839 1020 2916 Ligorianis
1044 2859 1098 2916 per
1118 2839 1349 2902 Gutenstenium
1372 2845 1468 2903 divul-

135 2941 227 3020 gatis.
271 2941 378 2998 Insunt
405 2941 436 2998 in
458 2942 572 3000 Metelli
600 2941 700 3000 codice
719 2941 868 2999 Vaticano
898 2943 978 3000 6034
1003 2943 1193 3020 (1.13-24)
1214 2945 1468 3021 15115555555111,

134 3062 213 3119 qnae
241 3063 260 3100 a
281 3040 405 3120 Ligorio
437 3044 571 3119 prolecta
599 3062 667 3102 esse
694 3044 853 3102 manifesto
882 3046 1044 3103 ostendunt
1070 3055 1102 3104 ut
1129 3046 1234 3104 charta
1260 3056 1290 3105 et
1311 3049 1469 3126 scriptura,

133 3146 179 3203 ita
206 3144 362 3203 titulorum
390 3145 507 3204 indoles
533 3147 726 3222 locorumque
753 3147 912 3204 enarratio.
957 3147 991 3204 In
1013 3148 1122 3223 quibus
1149 3149 1201 3224 qui
1228 3150 1368 3228 leguntur
1389 3153 1468 3210 tituli

134 3249 242 3307 urbani
269 3255 299 3305 et
328 3249 501 3320 suburbani,
529 3249 550 3306 ii
582 3249 613 3306 in
640 3249 814 3307 thesaurum
843 3247 1056 3308 Gruterianum
1084 3252 1195 3328 recepti
1224 3261 1294 3310 sunt
1323 3271 1390 3311 cum
1418 3255 1469 3312 ad-

135 3348 351 3427 scriptionibus
375 3350 436 3408 his:
458 3347 487 3406 ‘e
503 3346 698 3409 Metellianis'
721 3351 769 3409 vel
790 3349 817 3410 ‘e
834 3351 947 3409 Metelli
971 3348 1101 3411 schedis’
1125 3351 1214 3412 Grut.
1238 3353 1372 3425 587,11.
1397 3356 1469 3429 593,

133 3455 162 3512 4.
187 3453 259 3522 596,
276 3452 304 3510 9.
334 3452 437 3524 775,3
467 3452 502 3528 (f.
520 3448 575 3509 20.
599 3451 648 3510 23.
680 3452 748 3529 19);
778 3448 809 3511 ‘e
830 3453 978 3511 Panvinio
1006 3455 1068 3529 (vel
1090 3452 1325 3534 ‘Panvinianis’)
1355 3466 1385 3516 et
1406 3459 1469 3518 Me-

132 3549 276 3614 tellianis’
300 3553 363 3630 (vel
384 3551 411 3611 ⁸e
428 3554 543 3612 Metelli
565 3551 797 3632 manuscripto’)
822 3554 909 3615 Grut.
934 3557 1005 3627 339,
1021 3557 1049 3613 3.
1074 3557 1143 3629 544,
1161 3559 1187 3616 2.
1213 3559 1283 3630 549,
1300 3561 1327 3618 3.
1352 3561 1422 3631 550,
1440 3561 1467 3620 2.

133 3655 240 3729 912,2
265 3655 298 3731 (f.
318 3652 373 3714 15‘.
398 3655 454 3731 20.
479 3655 542 3732 24),
570 3654 597 3714 ‘e
620 3657 778 3732 Pighianis
807 3666 837 3715 et
858 3659 971 3716 Metelli
1001 3655 1131 3717 schedis’
1154 3660 1193 3716 id.
1219 3661 1323 3732 548,9
1348 3661 1382 3737 (1.
1401 3663 1468 3740 24);

132 3780 226 3838 porro
253 3759 409 3817 Metellum
436 3757 554 3818 dedisse
576 3757 707 3817 Grutero
735 3761 914 3817 subnotatur
942 3760 1036 3817 titulis
1061 3759 1131 3831 305,
1148 3761 1176 3819 9.
1201 3761 1271 3835 975,
1289 3762 1316 3820 8.
1341 3764 1467 3838 975,10

133 3865 168 3940 (1.
186 3858 243 3919 21’.
268 3857 323 3918 22’.
348 3860 419 3936 23);
442 3861 555 3918 vidisse
572 3859 718 3920 Smetium
741 3871 770 3917 et
784 3862 938 3920 Metellum
955 3861 1025 3934 521,
1042 3863 1060 3920 4
1084 3863 1117 3938 (1.
1135 3859 1211 3938 24’);
1235 3862 1468 3926 Gutenstenium

131 3963 370 4024 communicasse
399 3981 466 4020 oum
490 3961 620 4021 Grutero
644 3959 674 4020 ‘e
697 3959 922 4038 manuscriptis'
951 3965 998 4020 vel
1025 3961 1051 4020 ‘e
1080 3964 1181 4022 codiee
1205 3962 1330 4024 Metelli’
1362 3968 1468 4040 331,4

133 4067 204 4139 410,
221 4067 250 4124 8.
275 4064 345 4137 636,
363 4065 390 4122 7.
415 4065 485 4136 643,
502 4063 522 4121 2
549 4064 648 4139 (1.16.
681 4061 734 4123 16’.
766 4061 819 4124 19’.
850 4062 918 4140 21¹).
966 4063 1110 4124 Similiter
1139 4067 1341 4144 desumpsisse
1368 4089 1402 4128 se
1429 4091 1468 4129 ex

132 4168 282 4228 Panvinio
305 4177 335 4225 51
352 4164 552 4225 Gutenstenio
575 4168 699 4226 adnotat
716 4165 865 4226 Gruterus
888 4168 1006 4226 titulum
1023 4169 1093 4240 533,
1112 4171 1128 4227 3
1152 4169 1188 4244 (f.
1208 4170 1270 4246 19),
1294 4171 1412 4230 dedisse
1435 4191 1468 4232 se

133 4291 171 4330 ex
194 4270 344 4329 Panvinio
367 4269 508 4327 adhibitis
530 4270 599 4327 item
623 4271 741 4328 schedis
763 4270 875 4329 Metelli
899 4278 928 4328 et
951 4268 1076 4330 Sculteti
1100 4269 1170 4342 521,
1189 4271 1216 4331 2.
1261 4271 1331 4332 Non
1352 4284 1468 4334 restant

133 4375 164 4432 in
196 4372 280 4430 foliis
312 4371 373 4428 illis
402 4371 584 4430 Metellianis
618 4373 676 4429 nisi
714 4373 792 4430 tituli
820 4383 970 4448 quattuor,
1000 4391 1077 4449 quos
1107 4371 1255 4434 Gruterus
1284 4376 1372 4436 affert
1404 4379 1467 4454 qui-

133 4475 210 4546 dem,
238 4473 291 4532 sed
318 4473 448 4544 aliunde,
477 4474 592 4533 scilieet
618 4483 679 4533 tres
708 4473 778 4546 339,
796 4473 824 4532 2.
848 4476 918 4548 549,
935 4477 963 4534 4.
995 4475 1099 4548 772,3
1130 4476 1164 4552 (1.
1184 4475 1238 4535 15’.
1262 4475 1319 4537 20’.
1344 4476 1404 4556 22)
1427 4500 1467 4538 ex

125 4577 291 4650 -Panvinio,
318 4583 457 4651 quartum
484 4577 552 4648 149,
570 4577 598 4648 6,
621 4577 807 4652 exscriptum
829 4597 847 4635 a
868 4577 987 4656 Pighio.
1033 4576 1118 4652 Quae
1146 4597 1214 4637 cum
1240 4581 1283 4637 115
1306 4581 1374 4653 sint,
1397 4600 1467 4640 con-

132 4686 190 4738 stat
217 4679 297 4738 hanc
324 4685 402 4736 certe
433 4677 611 4737 schedarum
632 4679 874 4738 Metellianarum
904 4689 1018 4756 partem
1042 4680 1271 4740 Gutenstenium
1295 4683 1333 4740 ad
1356 4681 1466 4743 Grute-

132 4801 198 4840 rum
224 4782 346 4839 misisse
373 4788 477 4852 totam‚
506 4800 561 4839 nec
588 4781 691 4840 titulos
720 4782 750 4838 in
778 4801 814 4840 ea
840 4784 1024 4861 perscriptos
1054 4801 1235 4862 magnopere
1264 4783 1464 4860 interpolavit.

134 4881 218 4956 Quae
245 4885 324 4942 enim
353 4883 433 4960 apud
461 4882 625 4943 Gruterum
652 4884 739 4942 aliter
766 4884 904 4960 leguntur
932 4892 1021 4962 atque
1043 4887 1074 4944 in
1101 4885 1220 4943 schedis
1242 4885 1367 4959 Metelli,
1389 4889 1465 4948 levis

132 4986 273 5044 momenti
304 4993 374 5044 sunt
402 4985 464 5044 fere
494 4987 595 5044 omnia
623 4995 653 5045 51
680 4987 723 5043 115
752 4996 933 5062 comparata,
967 4997 1000 5045 111
1031 4989 1115 5065 origo
1139 4987 1322 5048 diversitatis
1351 4990 1399 5048 vel
1428 4993 1465 5049 ab

133 5087 390 5147 emendationibus
413 5088 537 5146 editoris
560 5088 608 5147 vel
630 5089 668 5147 ab
690 5088 841 5147 erroribus
870 5089 1061 5147 librariorum
1085 5089 1222 5147 videatur
1243 5093 1337 5168 repeti
1359 5111 1464 5168 posse:

133 5195 165 5246 ut
192 5191 315 5248 exhibet
342 5189 429 5249 Grut.
454 5190 579 5263 587,11
605 5190 666 5248 59
690 5207 790 5262 Facit,
818 5190 869 5248 ubi
897 5190 1026 5249 schedae
1048 5189 1163 5250 Metelli
1186 5208 1312 5254 ΡΜ
1340 5195 1464 5266 habent;

137 5289 204 5364 636,
221 5292 237 5349 7
261 5311 289 5349 v.
306 5293 319 5349 1
339 5307 427 5351 tvruo
443 5310 497 5367 pro
514 5307 593 5350 vnto
616 5293 730 5350 Metelli
737 5314 745 5364 ;
769 5291 840 5365 975,
857 5293 874 5352 8
898 5293 957 5352 54
974 5309 1087 5352 rnzvsa
1102 5311 1157 5371 pro
1180 5311 1323 5354 raszvstr.
1366 5297 1464 5374 Magis
