3620 6050
503 569 552 618 nu
581 563 784 618 sonaursvs
811 566 1106 621 nvcvsmnmvs.
1392 557 1466 626 217

1297 677 1468 688 -—-——-

139 756 217 806 rent:
239 745 369 823 primum
391 743 589 821 biographum
610 739 737 816 Marci1)
764 740 807 798 ita
833 741 924 799 verba
951 742 1058 814 facere,
1084 751 1117 802 ut
1141 763 1237 805 novos
1259 747 1377 806 sodales
1400 750 1469 808 divo

139 849 195 908 Pio
217 849 397 907 constitutos
419 827 487 906 es'se
508 845 596 904 nobis
619 842 809 903 statuendum
832 845 885 916 sit;
914 854 977 904 tum
1005 848 1085 922 quod
1111 847 1142 904 iu
1169 849 1362 925 inscriptione
1385 851 1467 912 Hen-

139 951 266 1011 zeniana
289 950 370 1011 6053
384 974 421 1000 =
436 947 469 1008 C.
486 948 510 1006 Ι.
526 947 562 1005 L.
578 947 633 1020 VI,
650 945 728 1004 2001
754 945 924 1006 sacerdotes
947 947 1077 1024 quidam,
1101 967 1175 1025 quos
1198 951 1319 1010 sodales
1340 953 1468 1014 Antoni-

139 1055 245 1112 nianos
269 1070 337 1112 esse
358 1052 424 1130 ipse
446 1045 666 1127 Borghesiusi)
694 1047 804 1120 docuit,
830 1049 860 1106 in
887 1049 960 1108 aede
983 1050 1045 1108 divi
1065 1050 1115 1109 Pii
1141 1053 1299 1112 convenire
1321 1055 1469 1133 legantur,

139 1164 201 1214 tum
224 1155 342 1214 demum
364 1162 444 1213 recte
467 1161 546 1211 stare
568 1170 635 1210 cum
657 1151 796 1227 proprios
819 1149 879 1208 divi
901 1151 1049 1211 Antonini
1071 1153 1241 1214 sacerdotes
1264 1157 1384 1218 sodales
1406 1161 1469 1219 An-

137 1259 311 1317 toninianos
339 1258 434 1317 fuisse
461 1263 641 1326 statuamus3
670 1260 701 1310 at
726 1254 752 1311 si
779 1251 875 1311 eidem
903 1253 962 1312 sint
982 1253 1185 1314 Hadrianales
1211 1268 1240 1316 et
1261 1261 1469 1334 Antoniniani,

137 1363 167 1418 in
197 1361 272 1419 aede
299 1360 360 1418 divi
386 1358 533 1416 Hadriani
560 1357 783 1415 Antoninianos
815 1373 935 1432 quoque
962 1365 1101 1432 oportere
1134 1360 1301 1420 convenire.
1351 1361 1470 1424 Deinde

137 1463 217 1540 quod
239 1461 347 1524 Sosius
367 1461 491 1519 Priscus
514 1459 619 1518 consul
640 1478 666 1517 a.
686 1457 742 1516 169
765 1458 796 1516 in
818 1457 905 1516 titulo
928 1457 1123 1536 Tiburtino³)
1145 1461 1256 1520 sodalis
1271 1463 1469 1526 Hadrianaiis

136 1566 246 1624 sodalis
270 1563 484 1624 Antoninianus
507 1562 686 1640 appelletur,
713 1559 756 1618 ita
781 1567 895 1619 tantum
922 1559 1067 1636 explicari
1093 1579 1185 1640 posse
1211 1571 1245 1623 ut
1266 1564 1403 1626 diversos
1424 1569 1469 1626 in·

135 1668 314 1744 tellegamus
336 1665 539 1724 Hadrianales
562 1664 600 1722 ab
622 1661 848 1735 Antoninianis3
875 1683 945 1721 nam
972 1664 999 1722 si
1025 1663 1104 1723 idem
1132 1666 1331 1726 sacerdotium
1354 1670 1470 1730 duobus

134 1771 197 1829 illis
219 1769 374 1827 vocabulis
398 1767 628 1847 significaretur,
651 1764 771 1826 Sosium
795 1767 922 1824 sodalem
942 1765 1155 1826 Hadrianalem
1170 1768 1397 1830 Antoninianum
1419 1792 1470 1830 vn·

137 1873 200 1931 cari
230 1871 411 1948 oportuisse.
455 1869 571 1928 Tamen
603 1867 634 1926 in
663 1868 811 1926 diversam
838 1868 1015 1926 sententiam
1043 1869 1116 1929 abiit
1142 1869 1338 1948 Borghesius,
1369 1883 1468 1935 motus

135 1974 225 2033 titulo
248 1972 396 2032 Vaticano
418 1991 508 2049 quem
529 1970 665 2030 dedimus
687 1970 764 2028 inter
780 1969 1011 2028 Hadrianalium
1033 1971 1138 2030 titulos
1161 1994 1190 2032 n.
1210 1975 1255 2032 10.
1300 1973 1379 2034 Nam
1403 1996 1469 2036 cum

136 2078 194 2136 sibi
216 2076 430 2152 persuasisset,
453 2095 472 2134 a
493 2075 603 2150 quibus
626 2071 779 2131 sodalibus
801 2072 887 2131 divus
910 2073 1073 2150 imperator
1099 2075 1227 2152 quisque
1249 2076 1403 2152 coleretur,
1431 2099 1470 2138 ex

135 2179 247 2238 eisdem
264 2178 418 2237 sodalibus
434 2177 584 2235 flaminem
601 2194 719 2252 quoquc
734 2175 804 2252 eligi
826 2175 967 2234 debuisse
983 2209 1021 2218 -
1038 2176 1073 2234 de
1089 2196 1148 2253 qua
1161 2197 1194 2235 re
1207 2179 1286 2237 infra
1301 2181 1415 2241 dicetur
1430 2217 1469 2228 -

134 2281 205 2340 inde
228 2279 308 2357 quod
335 2281 366 2338 in
387 2280 441 2338 illo
467 2278 554 2337 titulo
577 2277 690 2337 sodalis
711 2276 907 2335 Hadrianalis
923 2280 1032 2353 flamen
1057 2278 1273 2340 Commodianus
1300 2285 1470 2362 appellatur

134 2384 244 2455 effecit,
268 2381 389 2442 sodales
411 2380 614 2439 Hadrianales
638 2380 698 2438 divi
721 2378 878 2439 Commodi
900 2397 987 2438 sacra
1008 2381 1176 2454 curavisse3
1200 2385 1281 2459 quod
1303 2386 1329 2443 si
1351 2386 1394 2445 ita
1415 2397 1471 2461 est,

135 2486 199 2544 divi
220 2485 270 2542 Pii
292 2502 414 2561 quoque
436 2501 523 2542 saera
551 2501 672 2543 curasse
694 2483 916 2541 Antoninianos
940 2482 1121 2561 eosdemque
1143 2501 1208 2544 esse
1231 2495 1320 2562 atque
1343 2489 1470 2548 Antoni-

133 2589 243 2647 nianos
273 2586 494 2645 concedendum
525 2585 612 2661 est4).
662 2583 723 2645 Sed
750 2585 880 2662 primum
908 2605 979 2644 num
1005 2593 1086 2644 recte
1113 2587 1182 2646 inde
1210 2590 1292 2663 quod
1320 2590 1351 2648 in
1381 2592 1468 2651 titulo

135 2691 286 2748 Vaticano
308 2689 367 2748 duo
389 2687 442 2747 illa
465 2687 633 2746 sacerdotia
660 2685 863 2762 (sodalitatem
885 2686 1101 2746 Hadrianalem
1129 2698 1159 2748 et
1185 2689 1358 2750 flamonium
1382 2691 1469 2751 Gom-

134 2793 309 2851 modianum
325 2790 407 2867 dico)
423 2791 582 2849 coniuncta
602 2790 795 2848 inveniuntur
814 2789 1015 2848 necessariam
1038 2809 1103 2849 eam
1118 2791 1214 2850 fuisse
1230 2794 1468 2854 coniunctionem

134 2895 269 2954 effecerit
284 2893 480 2970 Borghesius,
504 2891 591 2950 valde
613 2891 743 2950 dubitari
765 2900 877 2967 potest3
900 2892 1009 2951 rectius
1031 2893 1062 2951 ni
1083 2893 1174 2952 fallor
1193 2913 1258 2952 cum
1280 2896 1306 2954 is
1330 2898 1378 2955 cui
1400 2899 1470 2958 titu-

132 3000 182 3056 lus
205 2996 325 3072 positus
348 3005 393 3054 est
415 3003 444 3054 et
466 2995 579 3054 sodalis
595 2993 791 3052 Hadrianalis
814 3003 844 3052 et
861 2991 969 3052 flamen
986 2991 1220 3054 Commodianus
1242 2998 1337 3056 fuisse
1360 2999 1469 3058 diserte

132 3100 334 3177 praedicetur,
368 3097 487 3156 diversa
519 3098 573 3156 illa
606 3096 774 3155 sacerdotia
802 3115 897 3172 neque
928 3097 1105 3156 necessitate
1134 3098 1213 3156 inter
1246 3116 1278 3157 se
1311 3101 1470 3162 coniuncta

131 3205 228 3262 fuisse
249 3199 442 3260 iudicandum
471 3198 570 3275 erin).
613 3198 691 3256 Tum
719 3217 783 3258 eam
814 3199 983 3276 opinionem
1010 3218 1100 3277 quam
1128 3201 1186 3258 sibi
1208 3200 1396 3279 Borghesius
1423 3206 1469 3262 in-

131 3304 275 3364 formavit
294 3303 331 3360 de
353 3303 470 3360 ratione
485 3319 563 3378 quae
584 3301 784 3360 intercesserit
805 3301 883 3359 inter
905 3301 1024 3360 sodales
1041 3312 1070 3361 et
1089 3302 1225 3362 flamines
1240 3303 1387 3378 divorum,
1409 3325 1470 3382 qua

132 3408 276 3486 opinione
305 3411 368 3463 tota
397 3405 461 3462 eius
488 3403 676 3462 ratiocinatio
703 3403 816 3475 nititur,
844 3404 1028 3480 argumentis
1055 3423 1116 3462 non
1143 3422 1210 3464 esse
1239 3406 1387 3466 firmatam
1409 3409 1469 3468 iam

131 3505 391 3586 marquardtiust)
414 3505 489 3564 dixit
503 3505 642 3582 idemque
665 3505 743 3565 infra
758 3507 925 3565 accuratius
942 3505 1204 3566 demonstrabitur.
1248 3509 1374 3569 Accedit
1388 3511 1469 3587 quod

132 3611 322 3691 Borghesius
345 3628 404 3668 non
426 3608 528 3667 omnia
550 3609 737 3667 enumeravit
758 3628 835 3685 quae
859 3609 1022 3668 sententiae
1037 3627 1127 3687 quam
1150 3619 1271 3668 secutus
1294 3619 1341 3670 est
1362 3631 1469 3690 repug-

131 3722 252 3774 narent:
282 3731 373 3771 unum
400 3711 517 3769 titulum
545 3711 669 3788 protulit
694 3712 725 3769 in
752 3729 812 3787 quo
840 3712 933 3770 verba
959 3727 1088 3770 sonatis
1110 3727 1315 3770 maurannus
1338 3729 1467 3773 sonans

131 3829 373 3878 anronuvmrvvs
394 3813 543 3892 legantur,
570 3815 614 3872 ita
635 3822 668 3871 ut
689 3814 725 3872 de
749 3813 863 3872 duabus
886 3813 1012 3872 diversis
1040 3812 1248 3873 sodalitatibus
1276 3815 1467 3891 cogitandum

134 3960 341 3972 ——---

209 4058 236 4123 ¹)
276 4059 337 4110 (1.7
356 4054 393 4106 Et
411 4054 549 4107 laudavere
567 4063 669 4123 uterque
689 4055 805 4118 (Marcus
820 4062 845 4106 et
858 4055 952 4118 Verus)
967 4071 1020 4122 pro
1039 4056 1131 4107 rostris
1148 4062 1267 4123 patrem.
1282 4092 1288 4107 .
1304 4064 1349 4108 ‚et
1366 4055 1467 4108 sodales

132 4169 162 4204 ea
181 4151 343 4204 amicissimis
357 4185 363 4198 .
378 4186 384 4199 .
400 4164 545 4200 menoare.

210 4243 236 4306 ²)
276 4245 306 4294 L.
320 4245 338 4292 l.
351 4259 377 4308 p.
393 4243 455 4293 397.

210 4334 236 4399 ³)
277 4335 318 4387 Cf.
338 4350 416 4400 supra
434 4334 607 4384 Hadrianales
626 4350 652 4383 n.
667 4335 692 4384 3.

208 4426 235 4490 ⁴)
273 4429 335 4494 Ipsa
358 4427 494 4492 Borghesii
518 4427 599 4477 verba
618 4441 746 4492 apponam
767 4425 843 4488 (mem.
864 4419 924 4477 deli'
945 4427 1004 4477 inst.
1027 4427 1096 4478 1832
1117 4445 1141 4495 p.
1158 4427 1254 4478 266:
1267 4443 1326 4494 opp.
1348 4429 1373 4490 3,
1388 4428 1466 4490 402):

133 4521 165 4573 Se
188 4517 265 4589 quasi
295 4522 381 4587 ipnoto
407 4535 451 4569 era
474 4518 563 4569 sodale
587 4518 732 4570 Adrinnale
756 4519 787 4570 ed
811 4521 911 4570 insieme
928 4517 1034 4586 flamine
1061 4517 1244 4582 Commodiano,
1265 4517 1303 4570 eid
1323 4520 1384 4570 unci
1402 4520 1465 4582 dire,

132 4613 175 4665 cle
195 4616 255 4682 quei
272 4612 359 4664 sodali
376 4628 453 4662 erano
473 4611 571 4662 addetti
588 4613 616 4662 al
634 4613 701 4662 culto
721 4611 799 4663 uncie
819 4612 848 4662 di
869 4610 1007 4675 Oommodo,
1027 4612 1050 4662 il
1068 4611 1112 4662 cie
1131 4609 1144 4662 ὲ
1162 4610 1315 4679 impossibile
1334 4612 1363 4661 di
1380 4629 1465 4662 conce-

126 4709 194 4774 pire,
216 4722 243 4757 ae
261 4723 311 4756 non
330 4704 491 4772 supponendo
511 4703 556 4755 cie
573 4705 613 4772 qn·
631 4704 773 4756 Adrianaii
783 4705 886 4771 suasero
904 4706 945 4771 qli
963 4712 1036 4755 uteru
1055 4703 1099 4755 elce
1117 4705 1157 4770 pli
1175 4705 1350 4754 Aratoniniani.

210 4799 235 4861 ⁵)
274 4799 385 4848 Videtur
404 4805 490 4848 autem
509 4799 531 4848 is
551 4798 592 4848 cui
611 4799 699 4848 titulus
717 4799 859 4850 Vaticanus
879 4799 979 4862 positus
999 4802 1037 4846 est
1055 4798 1167 4862 primum
1186 4798 1280 4847 flamen
1301 4796 1466 4846 Commodia-

133 4908 188 4953 nus,
210 4899 266 4942 tum
286 4892 390 4941 demum
409 4891 506 4940 sodalis
520 4890 687 4941 Hadrianalis
706 4892 789 4941 factus
810 4901 877 4952 etse,
897 4905 957 4940 nam
977 4906 1034 4939 eum
1052 4890 1163 4939 honores
1182 4891 1220 4938 ita
1239 4895 1420 4939 enumerentur
1439 4897 1467 4939 ut

132 4987 174 5049 qui
194 4985 273 5051 primi
293 4985 404 5048 suscepti
423 4984 475 5033 sint
493 4984 583 5033 ultimo
601 4985 659 5034 loco
679 4988 809 5048 ponantur
828 4981 908 5043 (certe
927 4983 1115 5048 vigintiviratus
1135 4982 1178 5046 qui
1197 4981 1294 5045 primus
1315 4983 1465 5046 capesseba-

130 5085 171 5127 tur
194 5078 315 5127 ultimnm
337 5077 423 5126 locum
450 5074 536 5138 tenet),
562 5076 590 5126 in
609 5077 759 5127 sacerdotiis
785 5075 966 5125 enumerandis
991 5074 1100 5125 eandem
1123 5073 1251 5124 rationem
1275 5073 1386 5124 valuisse
1411 5075 1466 5125 veri

132 5171 218 5220 simile
237 5175 284 5219 est.

209 5260 235 5326 8)
275 5258 379 5311 Hundb.
399 5263 425 5323 4,
440 5261 494 5312 432
514 5277 539 5312 n.
556 5263 637 5312 2971.
