3632 6040
656 605 841 659 MOMMSEN
867 605 1034 656 ELOGlVM
1062 607 1102 657 M.
1130 605 1360 658 MESSALLAE.

426 781 563 839 Interrex
585 789 631 839 ter
646 779 791 840 Messalla
811 781 909 840 factus
932 789 987 840 est.
1032 781 1207 856 Interregna
1221 789 1320 839 autem
1341 779 1463 838 fuerunt
1483 788 1513 838 et
1528 779 1678 856 principio

343 903 368 942 a.
387 883 447 943 699
471 883 546 960 (Dio
568 883 618 955 39,
641 881 690 940 97.
714 883 768 958 31)
796 889 826 941 et
848 890 961 959 septem
989 883 1135 942 mensium
1158 865 1322 958 primorum
1344 902 1371 940 a.
1389 881 1445 940 701
1470 889 1500 941 et
1524 901 1579 960 per
1600 881 1679 939 duos

341 989 456 1064 primos
483 1003 603 1046 meuses
631 1004 658 1044 a.
681 984 756 1056 tot,
783 1004 909 1060 quorum
937 986 1034 1064 primo
1062 985 1235 1044 Messallam
1260 985 1439 1062 interregem
1469 985 1580 1043 factum
1609 1001 1680 1042 esse

342 1089 487 1168 temporis
511 1088 584 1147 ordo
606 1089 749 1164 postulat.
787 1085 990 1147 Confirmatur
1012 1089 1042 1147 id
1064 1108 1099 1146 eo
1115 1089 1196 1164 quod
1218 1106 1284 1146 cum
1307 1088 1495 1147 consulatum
1517 1088 1548 1145 in
1571 1105 1598 1145 a.
1616 1085 1678 1144 699

343 1200 431 1251 extra
458 1191 592 1250 ordinem
620 1198 755 1268 peterent
776 1189 940 1266 Pompeius
962 1199 991 1248 et
1011 1189 1152 1262 Crassus,
1180 1190 1355 1250 consulibus
1379 1189 1549 1249 diffidentes
1571 1187 1680 1247 effece-

341 1303 421 1366 runt,
443 1301 477 1352 ut
498 1312 547 1352 res
569 1293 608 1352 ad
629 1293 832 1369 interregnum
854 1293 981 1365 rediret3
1010 1301 1090 1353 recte
1111 1293 1202 1370 igitur
1227 1293 1367 1352 convenit
1388 1293 1564 1352 Messallam
1586 1291 1679 1351 Pom-

342 1397 411 1475 peio
435 1396 566 1454 deditum
590 1395 740 1454 hominem
763 1413 798 1452 eo
821 1395 921 1454 officio
943 1405 1005 1454 tum
1027 1396 1160 1454 functum
1183 1413 1259 1454 esse.
1298 1396 1407 1454 Iterum
1431 1396 1609 1471 tertiumque
1631 1395 1678 1452 in-

341 1508 488 1576 terregem
511 1518 579 1557 eum
602 1507 731 1556 creatum
755 1515 822 1556 esse
845 1517 872 1557 a.
896 1499 953 1557 701
979 1499 1028 1556 vol
1050 1518 1077 1557 a.
1102 1497 1161 1557 709
1184 1505 1417 1557 consentaneum
1440 1507 1495 1556 est.

426 1599 543 1661 Censor
569 1600 716 1660 Messalla
747 1601 842 1660 factus
877 1610 936 1672 est,
969 1612 1002 1659 ut
1029 1619 1121 1678 supra
1149 1600 1287 1674 vidimus,
1314 1600 1418 1660 eodem
1446 1621 1473 1659 a.
1497 1601 1556 1660 699
1585 1601 1679 1660 Pom·

291 1763 293 1767 ,
342 1704 411 1780 peio
434 1713 465 1762 et
487 1701 598 1762 Crasso
621 1703 793 1762 consulibus
816 1722 876 1761 una
897 1721 963 1761 cum
982 1703 1018 1762 P.
1036 1701 1164 1763 Servilio
1186 1703 1322 1762 Isaurico
1345 1703 1396 1779 (de
1411 1703 1493 1762 Boor
1514 1703 1586 1762 fasti
1607 1723 1679 1763 cen·

341 1825 400 1865 sor.
425 1828 452 1883 p.
471 1804 534 1881 98).
578 1805 624 1862 Eo
654 1813 787 1882 tempore
814 1824 879 1864 cum
908 1805 972 1865 sine
1000 1807 1090 1865 dubio
1119 1826 1178 1864 non
1208 1815 1381 1865 crearentur
1406 1806 1465 1865 nisi
1488 1805 1624 1865 asseclae
1648 1817 1679 1864 et

341 1887 560 1983 quodammodo
584 1907 707 1967 clientes
723 1909 877 1966 hominum
899 1909 1177 1984 potentissimorum
1197 1928 1309 1978 eorum,
1333 1909 1385 1983 qui
1400 1907 1501 1967 Lucae
1524 1926 1591 1967 sese
1605 1927 1678 1967 con·

342 2011 539 2082 sociaverant,
567 2010 636 2068 hinc
665 2010 763 2068 denuo
792 2011 984 2069 confirmatur
1009 2011 1184 2070 Messallam
1212 2028 1271 2070 uon
1294 2011 1484 2089 optimatium
1505 2017 1606 2086 partes
1629 2029 1678 2069 se·

340 2121 440 2171 cutum
463 2131 539 2186 esse,
564 2113 617 2171 sed
632 2113 813 2184 contrarias;
837 2113 949 2188 pariter
971 2122 1061 2190 atque
1076 2114 1194 2192 collega
1214 2114 1246 2172 iu
1266 2132 1393 2172 censura
1413 2122 1500 2192 pater
1520 2113 1576 2172 fuit
1590 2113 1678 2172 Isau-

339 2216 395 2274 rici
417 2215 551 2292 collegae
573 2215 670 2292 ipsius
691 2212 834 2274 Caesaris
856 2216 887 2273 in
910 2215 1067 2274 consulatu
1089 2236 1115 2273 a.
1133 2216 1193 2275 706
1216 2223 1246 2274 et
1268 2235 1306 2274 ex
1329 2216 1433 2276 amicis
1455 2217 1520 2275 eius
1543 2217 1677 2275 devotis·

341 2317 425 2376 simis
453 2317 677 2393 fidissimisque.
700 2315 909 2376 —Censores
935 2318 966 2375 lri
994 2317 1030 2376 ad
1057 2319 1183 2377 lustrum
1212 2337 1271 2377 uon
1297 2327 1505 2398 pervenerunt,
1532 2319 1586 2377 sed
1613 2337 1677 2377 non

340 2427 462 2496 propter
484 2421 608 2478 alterius
630 2420 727 2477 utrius
750 2439 854 2478 eorum
877 2420 1007 2489 obitum3
1036 2421 1066 2478 id
1088 2422 1167 2479 enim
1189 2421 1215 2479 si
1242 2421 1409 2491 accidisset,
1439 2440 1500 2478 non
1520 2421 1677 2497 ignorare·

340 2540 416 2581 mus.
462 2520 563 2596 Quare
589 2531 716 2580 exeunte
743 2539 888 2581 censurae
914 2531 1048 2600 tempore
1070 2530 1214 2580 autumno
1241 2542 1267 2580 a.
1292 2522 1352 2580 700
1374 2520 1518 2580 Messalla
1543 2523 1574 2582 in
1596 2523 1676 2582 vivis

260 2631 266 2644 '
339 2624 413 2695 fuit,
447 2624 699 2700 confirmaturque
726 2624 756 2681 id
783 2643 828 2696 ec,
856 2625 936 2701 quod
969 2644 1005 2684 eo
1034 2643 1113 2684 anno
1141 2624 1189 2683 die
1218 2621 1300 2700 Sept.
1326 2623 1344 2682 9
1371 2644 1427 2702 pro
1456 2622 1570 2684 Scauro
1597 2625 1678 2683 dixit

341 2727 507 2802 (Asconius
530 2728 560 2784 in
584 2724 687 2786 Scaur.
711 2745 740 2801 p.
758 2725 821 2802 90).

424 2828 537 2888 Postea
557 2829 703 2888 Messalla
724 2845 783 2888 non
810 2843 1060 2888 commemorator
1082 2831 1314 2905 defunctumque
1337 2846 1403 2888 esse
1426 2836 1585 2905 antequam
1610 2830 1677 2889 bel-

338 2931 400 2990 lum
424 2932 511 2990 civile
534 2938 669 2990 oreretur
690 2931 776 2990 initio
804 2951 830 2989 a.
855 2933 915 2991 705
938 2934 1007 2992 iude
1030 2933 1192 3009 colligitur,
1219 2933 1300 3008 quod
1321 2929 1426 2990 Cicero
1450 2932 1477 2990 ei
1499 2931 1598 2990 locum
1623 2932 1675 2992 de·

339 3034 383 3092 dit
404 3035 434 3092 in
458 3034 553 3092 Bruto
575 3034 653 3092 inter
675 3035 773 3092 claros
797 3042 931 3093 oratores
954 3035 1050 3110 adea
1072 3053 1168 3112 usque
1191 3043 1327 3112 tempora
1348 3034 1516 3092 defunctos.

421 3136 543 3195 Patrem
569 3156 638 3195 eum
666 3137 761 3196 fuisse
788 3137 913 3196 fratrum
940 3137 1065 3195 duorum
1093 3138 1132 3194 M.
1156 3137 1269 3196 Valerii
1295 3137 1458 3195 Messallae
1488 3136 1582 3194 Potiti
1610 3155 1674 3196 cos

341 3237 400 3298 799
423 3240 523 3317 potius
546 3257 635 3315 quam
660 3238 718 3298 795
742 3248 771 3296 et
793 3239 832 3297 M.
857 3239 969 3298 Valerii
991 3240 1154 3298 Messallae
1176 3239 1351 3298 Publicolae
1373 3237 1497 3298 Corvini
1526 3258 1587 3298 cos.
1612 3239 1673 3298 793

338 3341 499 3400 clarissimi
521 3341 650 3400 oratoris
674 3340 860 3417 Borghesius
884 3341 967 3417 (opp.
988 3344 1013 3412 l,
1031 3342 1106 3417 407)
1135 3342 1203 3400 inde
1225 3341 1414 3418 potissimum
1438 3341 1569 3418 collegit,
1592 3342 1675 3418 quod

338 3462 404 3502 cum
420 3443 565 3503 Messalla
587 3444 662 3502 alter
685 3461 779 3520 augur
800 3444 853 3502 ille
875 3461 937 3502 cos
961 3464 987 3502 a.
1004 3444 1061 3501 701
1087 3444 1253 3502 diutissime
1271 3445 1390 3516 vixerit,
1414 3445 1478 3503 eius
1499 3443 1581 3502 filius
1598 3442 1675 3502 Cor·

338 3547 425 3606 vinus
453 3547 503 3604 vix
530 3547 626 3605 fuisse
654 3556 767 3622 potest,
796 3565 863 3604 cum
894 3557 957 3604 tam
990 3565 1090 3604 rerum
1123 3547 1285 3623 scriptores
1314 3565 1405 3623 quam
1437 3558 1543 3624 poetae
1572 3548 1609 3606 de
1638 3567 1674 3605 eo

338 3649 424 3707 multi
447 3649 508 3707 sint
533 3668 588 3706 nec
615 3656 714 3707 tamen
743 3649 903 3724 quisquam
931 3668 1034 3708 eorum
1062 3648 1099 3705 ad
1128 3658 1243 3724 patrem
1266 3638 1296 3706 et
1325 3655 1447 3708 senecta
1468 3649 1673 3708 venerabilem

338 3759 368 3809 et
388 3751 420 3809 iu
441 3751 552 3810 litteris
576 3751 771 3826 conspicuum
793 3751 945 3827 respiciat.
992 3749 1080 3824 Quod
1103 3751 1129 3808 si
1151 3758 1231 3809 recte
1253 3752 1363 3828 posuit,
1385 3761 1417 3810 ut
1438 3752 1564 3824 videtur,
1593 3772 1674 3810 uxor

338 3853 499 3912 Messallae
532 3853 622 3911 huius
655 3873 691 3912 ea
719 3853 789 3925 fuit,
822 3872 898 3929 quae
931 3861 1072 3930 corrupto
1105 3854 1253 3912 vocabulo
1286 3854 1367 3930 apud
1398 3854 1529 3913 Dionem
1553 3854 1603 3926 47,
1633 3853 1672 3911 94

338 3945 444 4012 Πέλλα
468 3957 589 4014 dicitur:
613 3956 644 4014 in
666 3975 725 4032 quo
748 3962 845 4014 utrum
861 3956 951 4015 Polla
972 3957 1064 4014 lateat
1079 3975 1116 4014 an
1137 3956 1220 4014 aliud
1240 3974 1348 4014 nomeu
1368 3956 1542 4034 quodpiam,
1564 3975 1672 4034 parum

338 4065 465 4116 constat.
1478 4059 1482 4066 ’

1379 4161 1439 4220 ΤΗ.
1455 4161 1627 4221 Mouussu.
