<?xml version="1.0" encoding="UTF-8"?>
<!DOCTYPE html PUBLIC "-//W3C//DTD XHTML 1.0 Transitional//EN"
    "http://www.w3.org/TR/xhtml1/DTD/xhtml1-transitional.dtd">
<html xmlns="http://www.w3.org/1999/xhtml" xml:lang="en" lang="en">
 <head>
  <title>
</title>
<meta http-equiv="Content-Type" content="text/html;charset=utf-8" />
  <meta name='ocr-system' content='tesseract 3.04.00' />
  <meta name='ocr-capabilities' content='ocr_page ocr_carea ocr_par ocr_line ocrx_word'/>
</head>
<body>
  <div class='ocr_page' id='page_1' title='image "./ephemerisepigra13instgoog_0097.png"; bbox 0 0 3596 6040; ppageno 0'>
   <div class='ocr_carea' id='block_1_1' title="bbox 388 573 1669 2456">
    <p class='ocr_par' dir='ltr' id='par_1_1' title="bbox 389 573 1667 737">
     <span class='ocr_line' id='line_1_1' title="bbox 389 573 1665 669; baseline -0.002 -27"><span class='ocrx_word' id='word_1_1' title='bbox 389 573 436 642; x_wconf 76' lang='lat'><strong>90</strong></span> <span class='ocrx_word' id='word_1_2' title='bbox 820 588 1123 640; x_wconf 73' lang='lat' dir='ltr'><strong>nnumauuurvm</strong></span> <span class='ocrx_word' id='word_1_3' title='bbox 1148 589 1232 640; x_wconf 77' lang='lat' dir='ltr'><strong>von.</strong></span> <span class='ocrx_word' id='word_1_4' title='bbox 1252 590 1282 639; x_wconf 91' lang='lat'><strong>11</strong></span> <span class='ocrx_word' id='word_1_5' title='bbox 1659 590 1665 669; x_wconf 69' lang='lat'><strong>3:</strong></span> 
     </span>
     <span class='ocr_line' id='line_1_2' title="bbox 394 676 1667 737; baseline 0 -33"><span class='ocrx_word' id='word_1_6' title='bbox 394 676 1667 737; x_wconf 65' lang='lat'><strong>-———-————-—————--—-——-----—-&#39;</strong></span> 
     </span>
    </p>

    <p class='ocr_par' dir='ltr' id='par_1_2' title="bbox 388 742 1669 1554">
     <span class='ocr_line' id='line_1_3' title="bbox 471 761 1658 841; baseline 0.001 -20"><span class='ocrx_word' id='word_1_7' title='bbox 471 764 577 839; x_wconf 87' lang='lat' dir='ltr'><strong>Itaque</strong></span> <span class='ocrx_word' id='word_1_8' title='bbox 605 763 694 821; x_wconf 89' lang='lat' dir='ltr'><strong>etiam</strong></span> <span class='ocrx_word' id='word_1_9' title='bbox 716 761 773 819; x_wconf 86' lang='lat' dir='ltr'><strong>hoe</strong></span> <span class='ocrx_word' id='word_1_10' title='bbox 799 781 909 820; x_wconf 86' lang='lat' dir='ltr'><strong>novum</strong></span> <span class='ocrx_word' id='word_1_11' title='bbox 931 771 1081 837; x_wconf 87' lang='lat' dir='ltr'><strong>repertum</strong></span> <span class='ocrx_word' id='word_1_12' title='bbox 1108 779 1289 838; x_wconf 84' lang='lat' dir='ltr'><strong>quamquam</strong></span> <span class='ocrx_word' id='word_1_13' title='bbox 1311 765 1408 821; x_wconf 83' lang='lat' dir='ltr'><strong>bonae</strong></span> <span class='ocrx_word' id='word_1_14' title='bbox 1431 762 1530 840; x_wconf 83' lang='lat' dir='ltr'><strong>frugis</strong></span> <span class='ocrx_word' id='word_1_15' title='bbox 1553 764 1645 841; x_wconf 89' lang='lat' dir='ltr'><strong>plenu</strong></span> <span class='ocrx_word' id='word_1_16' title='bbox 1655 796 1658 815; x_wconf 66' lang='lat'><em>2</em></span> 
     </span>
     <span class='ocr_line' id='line_1_4' title="bbox 388 863 1658 944; baseline 0.001 -20"><span class='ocrx_word' id='word_1_17' title='bbox 388 867 591 944; x_wconf 86' lang='lat' dir='ltr'><strong>gratissimum</strong></span> <span class='ocrx_word' id='word_1_18' title='bbox 619 866 684 922; x_wconf 86' lang='lat' dir='ltr'><strong>sine</strong></span> <span class='ocrx_word' id='word_1_19' title='bbox 714 865 805 922; x_wconf 89' lang='lat' dir='ltr'><strong>dubio</strong></span> <span class='ocrx_word' id='word_1_20' title='bbox 832 883 891 922; x_wconf 90' lang='lat' dir='ltr'><strong>non</strong></span> <span class='ocrx_word' id='word_1_21' title='bbox 914 864 1138 923; x_wconf 83' lang='lat' dir='ltr'><strong>nobistantum</strong></span> <span class='ocrx_word' id='word_1_22' title='bbox 1162 863 1214 923; x_wconf 81' lang='lat' dir='ltr'><strong>sed</strong></span> <span class='ocrx_word' id='word_1_23' title='bbox 1237 865 1376 923; x_wconf 86' lang='lat' dir='ltr'><strong>omnibus</strong></span> <span class='ocrx_word' id='word_1_24' title='bbox 1399 865 1595 942; x_wconf 81' lang='lat' dir='ltr'><strong>antiquitatis</strong></span> <span class='ocrx_word' id='word_1_25' title='bbox 1617 866 1658 940; x_wconf 70' lang='lat' dir='ltr'><strong>Rj</strong></span> 
     </span>
     <span class='ocr_line' id='line_1_5' title="bbox 388 966 1653 1044; baseline 0 -18"><span class='ocrx_word' id='word_1_26' title='bbox 388 989 445 1027; x_wconf 86' lang='lat' dir='ltr'><strong>nae</strong></span> <span class='ocrx_word' id='word_1_27' title='bbox 474 969 608 1044; x_wconf 89' lang='lat' dir='ltr'><strong>iurisque</strong></span> <span class='ocrx_word' id='word_1_28' title='bbox 635 967 811 1038; x_wconf 84' lang='lat' dir='ltr'><strong>cultoribus,</strong></span> <span class='ocrx_word' id='word_1_29' title='bbox 839 967 903 1024; x_wconf 87' lang='lat' dir='ltr'><strong>eius</strong></span> <span class='ocrx_word' id='word_1_30' title='bbox 932 966 1037 1043; x_wconf 83' lang='lat' dir='ltr'><strong>partis,</strong></span> <span class='ocrx_word' id='word_1_31' title='bbox 1060 984 1136 1042; x_wconf 86' lang='lat' dir='ltr'><strong>quae</strong></span> <span class='ocrx_word' id='word_1_32' title='bbox 1163 973 1215 1024; x_wconf 86' lang='lat' dir='ltr'><strong>aut</strong></span> <span class='ocrx_word' id='word_1_33' title='bbox 1236 967 1325 1042; x_wconf 90' lang='lat' dir='ltr'><strong>periit</strong></span> <span class='ocrx_word' id='word_1_34' title='bbox 1347 975 1398 1024; x_wconf 87' lang='lat' dir='ltr'><strong>aut</strong></span> <span class='ocrx_word' id='word_1_35' title='bbox 1418 967 1553 1026; x_wconf 89' lang='lat' dir='ltr'><strong>nondum</strong></span> <span class='ocrx_word' id='word_1_36' title='bbox 1576 969 1609 1026; x_wconf 91' lang='lat' dir='ltr'><strong>in</strong></span> <span class='ocrx_word' id='word_1_37' title='bbox 1630 970 1653 1026; x_wconf 68' lang='lat' dir='ltr'><strong>l÷</strong></span> 
     </span>
     <span class='ocr_line' id='line_1_6' title="bbox 389 1067 1669 1148; baseline 0.002 -19"><span class='ocrx_word' id='word_1_38' title='bbox 389 1070 510 1148; x_wconf 85' lang='lat' dir='ltr'><strong>prodiit,</strong></span> <span class='ocrx_word' id='word_1_39' title='bbox 534 1068 713 1128; x_wconf 84' lang='lat' dir='ltr'><strong>desiderium</strong></span> <span class='ocrx_word' id='word_1_40' title='bbox 736 1069 831 1143; x_wconf 85' lang='lat' dir='ltr'><strong>magis</strong></span> <span class='ocrx_word' id='word_1_41' title='bbox 854 1077 942 1144; x_wconf 86' lang='lat' dir='ltr'><strong>auget</strong></span> <span class='ocrx_word' id='word_1_42' title='bbox 962 1085 1052 1144; x_wconf 83' lang='lat' dir='ltr'><strong>quam</strong></span> <span class='ocrx_word' id='word_1_43' title='bbox 1077 1067 1185 1144; x_wconf 78' lang='lat' dir='ltr'><strong>explet.</strong></span> <span class='ocrx_word' id='word_1_44' title='bbox 1229 1067 1337 1145; x_wconf 85' lang='lat' dir='ltr'><strong>Neque</strong></span> <span class='ocrx_word' id='word_1_45' title='bbox 1360 1088 1431 1128; x_wconf 87' lang='lat' dir='ltr'><strong>vero</strong></span> <span class='ocrx_word' id='word_1_46' title='bbox 1454 1069 1576 1130; x_wconf 88' lang='lat' dir='ltr'><strong>videtur</strong></span> <span class='ocrx_word' id='word_1_47' title='bbox 1603 1089 1669 1146; x_wconf 54' lang='lat' dir='ltr'><strong>pre</strong></span> 
     </span>
     <span class='ocr_line' id='line_1_7' title="bbox 389 1170 1652 1250; baseline -0.001 -19"><span class='ocrx_word' id='word_1_48' title='bbox 389 1171 607 1250; x_wconf 84' lang='lat' dir='ltr'><strong>desperandum</strong></span> <span class='ocrx_word' id='word_1_49' title='bbox 636 1188 713 1242; x_wconf 86' lang='lat' dir='ltr'><strong>esse,</strong></span> <span class='ocrx_word' id='word_1_50' title='bbox 742 1171 815 1246; x_wconf 91' lang='lat' dir='ltr'><strong>quin</strong></span> <span class='ocrx_word' id='word_1_51' title='bbox 842 1171 894 1245; x_wconf 91' lang='lat' dir='ltr'><strong>qui</strong></span> <span class='ocrx_word' id='word_1_52' title='bbox 920 1170 1029 1228; x_wconf 84' lang='lat' dir='ltr'><strong>tabulis</strong></span> <span class='ocrx_word' id='word_1_53' title='bbox 1058 1170 1201 1247; x_wconf 82' lang='lat' dir='ltr'><strong>septimae</strong></span> <span class='ocrx_word' id='word_1_54' title='bbox 1223 1178 1253 1229; x_wconf 92' lang='lat' dir='ltr'><strong>et</strong></span> <span class='ocrx_word' id='word_1_55' title='bbox 1277 1189 1374 1229; x_wconf 87' lang='lat' dir='ltr'><strong>nonae</strong></span> <span class='ocrx_word' id='word_1_56' title='bbox 1397 1171 1550 1230; x_wconf 86' lang='lat' dir='ltr'><strong>addiderit</strong></span> <span class='ocrx_word' id='word_1_57' title='bbox 1572 1180 1652 1231; x_wconf 80' lang='lat' dir='ltr'><strong>sext</strong></span> 
     </span>
     <span class='ocr_line' id='line_1_8' title="bbox 389 1272 1669 1351; baseline 0.001 -19"><span class='ocrx_word' id='word_1_58' title='bbox 389 1276 511 1350; x_wconf 82' lang='lat' dir='ltr'><strong>quintae</strong></span> <span class='ocrx_word' id='word_1_59' title='bbox 537 1281 649 1351; x_wconf 86' lang='lat' dir='ltr'><strong>partes,</strong></span> <span class='ocrx_word' id='word_1_60' title='bbox 675 1272 753 1331; x_wconf 88' lang='lat' dir='ltr'><strong>idem</strong></span> <span class='ocrx_word' id='word_1_61' title='bbox 781 1290 869 1330; x_wconf 89' lang='lat' dir='ltr'><strong>casus</strong></span> <span class='ocrx_word' id='word_1_62' title='bbox 896 1273 970 1330; x_wconf 83' lang='lat' dir='ltr'><strong>artis</strong></span> <span class='ocrx_word' id='word_1_63' title='bbox 998 1272 1086 1330; x_wconf 85' lang='lat' dir='ltr'><strong>huius</strong></span> <span class='ocrx_word' id='word_1_64' title='bbox 1115 1273 1328 1349; x_wconf 85' lang='lat' dir='ltr'><strong>epigraphieae</strong></span> <span class='ocrx_word' id='word_1_65' title='bbox 1354 1273 1427 1332; x_wconf 81' lang='lat' dir='ltr'><strong>deus</strong></span> <span class='ocrx_word' id='word_1_66' title='bbox 1457 1291 1607 1344; x_wconf 82' lang='lat' dir='ltr'><strong>summus,</strong></span> <span class='ocrx_word' id='word_1_67' title='bbox 1640 1300 1669 1339; x_wconf 57' lang='grc' dir='ltr'><strong>υ,</strong></span> 
     </span>
     <span class='ocr_line' id='line_1_9' title="bbox 390 1373 1657 1451; baseline 0 -17"><span class='ocrx_word' id='word_1_68' title='bbox 390 1377 510 1435; x_wconf 86' lang='lat' dir='ltr'><strong>invidus</strong></span> <span class='ocrx_word' id='word_1_69' title='bbox 537 1385 566 1433; x_wconf 88' lang='lat' dir='ltr'><strong>et</strong></span> <span class='ocrx_word' id='word_1_70' title='bbox 592 1375 716 1444; x_wconf 80' lang='lat' dir='ltr'><strong>condus,</strong></span> <span class='ocrx_word' id='word_1_71' title='bbox 746 1374 798 1432; x_wconf 83' lang='lat' dir='ltr'><strong>sed</strong></span> <span class='ocrx_word' id='word_1_72' title='bbox 825 1392 885 1432; x_wconf 91' lang='lat' dir='ltr'><strong>non</strong></span> <span class='ocrx_word' id='word_1_73' title='bbox 911 1393 980 1432; x_wconf 86' lang='lat' dir='ltr'><strong>raro</strong></span> <span class='ocrx_word' id='word_1_74' title='bbox 1006 1373 1077 1432; x_wconf 87' lang='lat' dir='ltr'><strong>item</strong></span> <span class='ocrx_word' id='word_1_75' title='bbox 1105 1375 1255 1450; x_wconf 85' lang='lat' dir='ltr'><strong>propitius</strong></span> <span class='ocrx_word' id='word_1_76' title='bbox 1284 1383 1313 1432; x_wconf 90' lang='lat' dir='ltr'><strong>et</strong></span> <span class='ocrx_word' id='word_1_77' title='bbox 1339 1393 1473 1451; x_wconf 84' lang='lat' dir='ltr'><strong>promus,</strong></span> <span class='ocrx_word' id='word_1_78' title='bbox 1501 1395 1567 1434; x_wconf 92' lang='lat' dir='ltr'><strong>non</strong></span> <span class='ocrx_word' id='word_1_79' title='bbox 1589 1377 1657 1434; x_wconf 88' lang='lat' dir='ltr'><strong>ulti</strong></span> 
     </span>
     <span class='ocr_line' id='line_1_10' title="bbox 392 1477 1501 1554; baseline -0.005 -17"><span class='ocrx_word' id='word_1_80' title='bbox 392 1481 451 1537; x_wconf 85' lang='lat' dir='ltr'><strong>hoe</strong></span> <span class='ocrx_word' id='word_1_81' title='bbox 473 1480 559 1537; x_wconf 81' lang='lat' dir='ltr'><strong>nobie</strong></span> <span class='ocrx_word' id='word_1_82' title='bbox 581 1477 690 1534; x_wconf 90' lang='lat' dir='ltr'><strong>donum</strong></span> <span class='ocrx_word' id='word_1_83' title='bbox 712 1477 840 1554; x_wconf 82' lang='lat' dir='ltr'><strong>largitus</strong></span> <span class='ocrx_word' id='word_1_84' title='bbox 864 1478 912 1535; x_wconf 84' lang='lat' dir='ltr'><strong>sit.</strong></span> <span class='ocrx_word' id='word_1_85' title='bbox 1499 1489 1501 1494; x_wconf 86' lang='lat'>·</span> 
     </span>
    </p>

    <p class='ocr_par' dir='ltr' id='par_1_3' title="bbox 391 1579 1669 2456">
     <span class='ocr_line' id='line_1_11' title="bbox 475 1579 1659 1657; baseline 0.002 -20"><span class='ocrx_word' id='word_1_86' title='bbox 475 1581 607 1639; x_wconf 87' lang='lat' dir='ltr'><strong>Prodeat</strong></span> <span class='ocrx_word' id='word_1_87' title='bbox 633 1581 751 1638; x_wconf 85' lang='lat' dir='ltr'><strong>interim</strong></span> <span class='ocrx_word' id='word_1_88' title='bbox 777 1586 879 1637; x_wconf 85' lang='lat' dir='ltr'><strong>textus</strong></span> <span class='ocrx_word' id='word_1_89' title='bbox 906 1579 1075 1638; x_wconf 90' lang='lat' dir='ltr'><strong>tabularum</strong></span> <span class='ocrx_word' id='word_1_90' title='bbox 1103 1597 1247 1638; x_wconf 83' lang='lat' dir='ltr'><strong>novarum</strong></span> <span class='ocrx_word' id='word_1_91' title='bbox 1275 1579 1314 1638; x_wconf 84' lang='lat' dir='ltr'><strong>ad</strong></span> <span class='ocrx_word' id='word_1_92' title='bbox 1340 1589 1449 1657; x_wconf 81' lang='lat' dir='ltr'><strong>ectypa</strong></span> <span class='ocrx_word' id='word_1_93' title='bbox 1475 1590 1621 1639; x_wconf 81' lang='lat' dir='ltr'><strong>accurate</strong></span> <span class='ocrx_word' id='word_1_94' title='bbox 1647 1604 1659 1629; x_wconf 72' lang='lat'><strong>2·</strong></span> 
     </span>
     <span class='ocr_line' id='line_1_12' title="bbox 391 1680 1638 1758; baseline -0.001 -17"><span class='ocrx_word' id='word_1_95' title='bbox 391 1701 550 1754; x_wconf 82' lang='lat' dir='ltr'><strong>exc-ussus3</strong></span> <span class='ocrx_word' id='word_1_96' title='bbox 574 1683 708 1758; x_wconf 85' lang='lat' dir='ltr'><strong>sequitur</strong></span> <span class='ocrx_word' id='word_1_97' title='bbox 728 1681 808 1740; x_wconf 85' lang='lat' dir='ltr'><strong>infra</strong></span> <span class='ocrx_word' id='word_1_98' title='bbox 822 1680 999 1739; x_wconf 83' lang='lat' dir='ltr'><strong>Mommseni</strong></span> <span class='ocrx_word' id='word_1_99' title='bbox 1022 1681 1259 1740; x_wconf 74' lang='lat' dir='ltr'><strong>commentariua</strong></span> <span class='ocrx_word' id='word_1_100' title='bbox 1300 1681 1529 1755; x_wconf 83' lang='lat' dir='ltr'><strong>Litteraturam‚</strong></span> <span class='ocrx_word' id='word_1_101' title='bbox 1553 1690 1587 1741; x_wconf 88' lang='lat' dir='ltr'><strong>ut</strong></span> <span class='ocrx_word' id='word_1_102' title='bbox 1607 1683 1638 1740; x_wconf 87' lang='lat' dir='ltr'><strong>in</strong></span> 
     </span>
     <span class='ocr_line' id='line_1_13' title="bbox 391 1783 1656 1862; baseline 0.001 -19"><span class='ocrx_word' id='word_1_103' title='bbox 391 1787 470 1844; x_wconf 86' lang='lat' dir='ltr'><strong>tibus</strong></span> <span class='ocrx_word' id='word_1_104' title='bbox 491 1787 549 1843; x_wconf 90' lang='lat' dir='ltr'><strong>iam</strong></span> <span class='ocrx_word' id='word_1_105' title='bbox 570 1786 660 1856; x_wconf 83' lang='lat' dir='ltr'><strong>notis,</strong></span> <span class='ocrx_word' id='word_1_106' title='bbox 684 1784 790 1842; x_wconf 87' lang='lat' dir='ltr'><strong>aetatis</strong></span> <span class='ocrx_word' id='word_1_107' title='bbox 805 1783 928 1841; x_wconf 84' lang='lat' dir='ltr'><strong>Flaviae</strong></span> <span class='ocrx_word' id='word_1_108' title='bbox 943 1799 1011 1842; x_wconf 86' lang='lat' dir='ltr'><strong>esse</strong></span> <span class='ocrx_word' id='word_1_109' title='bbox 1027 1783 1136 1841; x_wconf 84' lang='lat' dir='ltr'><strong>claram</strong></span> <span class='ocrx_word' id='word_1_110' title='bbox 1152 1785 1329 1860; x_wconf 89' lang='lat' dir='ltr'><strong>plerumque</strong></span> <span class='ocrx_word' id='word_1_111' title='bbox 1351 1793 1381 1842; x_wconf 91' lang='lat' dir='ltr'><strong>et</strong></span> <span class='ocrx_word' id='word_1_112' title='bbox 1394 1785 1603 1862; x_wconf 81' lang='lat' dir='ltr'><strong>perspicuam,</strong></span> <span class='ocrx_word' id='word_1_113' title='bbox 1625 1803 1656 1860; x_wconf 63' lang='lat' dir='ltr'><strong>q³</strong></span> 
     </span>
     <span class='ocr_line' id='line_1_14' title="bbox 391 1883 1659 1962; baseline -0.002 -17"><span class='ocrx_word' id='word_1_114' title='bbox 391 1907 481 1962; x_wconf 93' lang='lat' dir='ltr'><strong>quam</strong></span> <span class='ocrx_word' id='word_1_115' title='bbox 503 1906 563 1945; x_wconf 91' lang='lat' dir='ltr'><strong>non</strong></span> <span class='ocrx_word' id='word_1_116' title='bbox 585 1903 708 1962; x_wconf 86' lang='lat' dir='ltr'><strong>prorsus</strong></span> <span class='ocrx_word' id='word_1_117' title='bbox 731 1885 917 1961; x_wconf 85' lang='lat' dir='ltr'><strong>aequabilem</strong></span> <span class='ocrx_word' id='word_1_118' title='bbox 946 1883 1069 1962; x_wconf 86' lang='lat' dir='ltr'><strong>(prioris</strong></span> <span class='ocrx_word' id='word_1_119' title='bbox 1096 1885 1175 1943; x_wconf 92' lang='lat' dir='ltr'><strong>enim</strong></span> <span class='ocrx_word' id='word_1_120' title='bbox 1196 1886 1319 1945; x_wconf 87' lang='lat' dir='ltr'><strong>tabulae</strong></span> <span class='ocrx_word' id='word_1_121' title='bbox 1341 1886 1452 1962; x_wconf 85' lang='lat' dir='ltr'><strong>pagina</strong></span> <span class='ocrx_word' id='word_1_122' title='bbox 1473 1888 1577 1958; x_wconf 85' lang='lat' dir='ltr'><strong>tertia,</strong></span> <span class='ocrx_word' id='word_1_123' title='bbox 1604 1887 1632 1944; x_wconf 90' lang='lat' dir='ltr'><strong>al</strong></span> <span class='ocrx_word' id='word_1_124' title='bbox 1652 1928 1659 1937; x_wconf 81' lang='grc'>.</span> 
     </span>
     <span class='ocr_line' id='line_1_15' title="bbox 391 1987 1669 2065; baseline 0 -20"><span class='ocrx_word' id='word_1_125' title='bbox 391 1989 517 2047; x_wconf 86' lang='lat' dir='ltr'><strong>fortasse</strong></span> <span class='ocrx_word' id='word_1_126' title='bbox 544 1988 675 2047; x_wconf 81' lang='lat' dir='ltr'><strong>secunda</strong></span> <span class='ocrx_word' id='word_1_127' title='bbox 704 1989 741 2044; x_wconf 92' lang='lat' dir='ltr'><strong>ab</strong></span> <span class='ocrx_word' id='word_1_128' title='bbox 768 1987 827 2044; x_wconf 84' lang='lat' dir='ltr'><strong>alio</strong></span> <span class='ocrx_word' id='word_1_129' title='bbox 856 1987 1045 2063; x_wconf 86' lang='lat' dir='ltr'><strong>quadratario</strong></span> <span class='ocrx_word' id='word_1_130' title='bbox 1069 1987 1206 2046; x_wconf 85' lang='lat' dir='ltr'><strong>videntur</strong></span> <span class='ocrx_word' id='word_1_131' title='bbox 1226 1987 1340 2046; x_wconf 82' lang='lat' dir='ltr'><strong>incisae</strong></span> <span class='ocrx_word' id='word_1_132' title='bbox 1364 2005 1430 2046; x_wconf 80' lang='lat' dir='ltr'><strong>esse</strong></span> <span class='ocrx_word' id='word_1_133' title='bbox 1452 1999 1546 2065; x_wconf 83' lang='lat' dir='ltr'><strong>atque</strong></span> <span class='ocrx_word' id='word_1_134' title='bbox 1569 1989 1669 2065; x_wconf 90' lang='lat' dir='ltr'><strong>reliq</strong></span> 
     </span>
     <span class='ocr_line' id='line_1_16' title="bbox 392 2089 1660 2167; baseline -0.001 -18"><span class='ocrx_word' id='word_1_135' title='bbox 392 2092 519 2167; x_wconf 85' lang='lat' dir='ltr'><strong>paginas</strong></span> <span class='ocrx_word' id='word_1_136' title='bbox 541 2091 675 2166; x_wconf 84' lang='lat' dir='ltr'><strong>singulas</strong></span> <span class='ocrx_word' id='word_1_137' title='bbox 699 2107 838 2148; x_wconf 82' lang='lat' dir='ltr'><strong>versuum</strong></span> <span class='ocrx_word' id='word_1_138' title='bbox 861 2089 910 2160; x_wconf 85' lang='lat'><strong>38,</strong></span> <span class='ocrx_word' id='word_1_139' title='bbox 934 2089 972 2148; x_wconf 87' lang='grc'><strong>39</strong></span> <span class='ocrx_word' id='word_1_140' title='bbox 995 2096 1024 2146; x_wconf 85' lang='lat' dir='ltr'><strong>et</strong></span> <span class='ocrx_word' id='word_1_141' title='bbox 1046 2091 1086 2147; x_wconf 86' lang='lat'><strong>40</strong></span> <span class='ocrx_word' id='word_1_142' title='bbox 1109 2107 1185 2160; x_wconf 84' lang='lat' dir='ltr'><strong>esse,</strong></span> <span class='ocrx_word' id='word_1_143' title='bbox 1208 2089 1259 2147; x_wconf 84' lang='lat' dir='ltr'><strong>vix</strong></span> <span class='ocrx_word' id='word_1_144' title='bbox 1282 2097 1326 2148; x_wconf 84' lang='lat' dir='ltr'><strong>eat</strong></span> <span class='ocrx_word' id='word_1_145' title='bbox 1345 2091 1425 2166; x_wconf 92' lang='lat' dir='ltr'><strong>quod</strong></span> <span class='ocrx_word' id='word_1_146' title='bbox 1447 2091 1561 2150; x_wconf 83' lang='lat' dir='ltr'><strong>diserte</strong></span> <span class='ocrx_word' id='word_1_147' title='bbox 1580 2109 1660 2148; x_wconf 89' lang='lat' dir='ltr'><strong>mon</strong></span> 
     </span>
     <span class='ocr_line' id='line_1_17' title="bbox 394 2191 1669 2269; baseline -0.002 -18"><span class='ocrx_word' id='word_1_148' title='bbox 394 2193 534 2252; x_wconf 80' lang='lat' dir='ltr'><strong>Ceterum</strong></span> <span class='ocrx_word' id='word_1_149' title='bbox 556 2209 672 2250; x_wconf 83' lang='lat' dir='ltr'><strong>errores</strong></span> <span class='ocrx_word' id='word_1_150' title='bbox 696 2191 825 2268; x_wconf 85' lang='lat' dir='ltr'><strong>quidam,</strong></span> <span class='ocrx_word' id='word_1_151' title='bbox 848 2207 923 2267; x_wconf 83' lang='lat' dir='ltr'><strong>quos</strong></span> <span class='ocrx_word' id='word_1_152' title='bbox 939 2193 1152 2250; x_wconf 80' lang='lat' dir='ltr'><strong>commiserunt</strong></span> <span class='ocrx_word' id='word_1_153' title='bbox 1173 2200 1225 2249; x_wconf 90' lang='lat' dir='ltr'><strong>aut</strong></span> <span class='ocrx_word' id='word_1_154' title='bbox 1242 2192 1426 2269; x_wconf 88' lang='lat' dir='ltr'><strong>quadratarii</strong></span> <span class='ocrx_word' id='word_1_155' title='bbox 1449 2202 1502 2251; x_wconf 87' lang='lat' dir='ltr'><strong>aut</strong></span> <span class='ocrx_word' id='word_1_156' title='bbox 1525 2193 1669 2262; x_wconf 85' lang='lat' dir='ltr'><strong>scribae,</strong></span> 
     </span>
     <span class='ocr_line' id='line_1_18' title="bbox 393 2286 1669 2371; baseline -0.002 -19"><span class='ocrx_word' id='word_1_157' title='bbox 393 2297 485 2353; x_wconf 89' lang='lat' dir='ltr'><strong>verba</strong></span> <span class='ocrx_word' id='word_1_158' title='bbox 506 2295 582 2371; x_wconf 84' lang='lat' dir='ltr'><strong>legis</strong></span> <span class='ocrx_word' id='word_1_159' title='bbox 598 2302 788 2369; x_wconf 82' lang='lat' dir='ltr'><strong>exceperunt,</strong></span> <span class='ocrx_word' id='word_1_160' title='bbox 810 2293 882 2352; x_wconf 85' lang='lat' dir='ltr'><strong>item</strong></span> <span class='ocrx_word' id='word_1_161' title='bbox 903 2294 1053 2352; x_wconf 88' lang='lat' dir='ltr'><strong>litterulae</strong></span> <span class='ocrx_word' id='word_1_162' title='bbox 1067 2313 1191 2370; x_wconf 83' lang='lat' dir='ltr'><strong>paucae,</strong></span> <span class='ocrx_word' id='word_1_163' title='bbox 1214 2312 1291 2370; x_wconf 90' lang='lat' dir='ltr'><strong>quae</strong></span> <span class='ocrx_word' id='word_1_164' title='bbox 1306 2295 1458 2370; x_wconf 87' lang='lat' dir='ltr'><strong>perierunt</strong></span> <span class='ocrx_word' id='word_1_165' title='bbox 1477 2296 1512 2353; x_wconf 95' lang='lat' dir='ltr'><strong>in</strong></span> <span class='ocrx_word' id='word_1_166' title='bbox 1534 2293 1647 2353; x_wconf 84' lang='lat' dir='ltr'><strong>laeuni</strong></span> <span class='ocrx_word' id='word_1_167' title='bbox 1668 2286 1669 2357; x_wconf 65' lang='grc' dir='ltr'>ζ</span> 
     </span>
     <span class='ocr_line' id='line_1_19' title="bbox 392 2394 1669 2456; baseline -0.003 0"><span class='ocrx_word' id='word_1_168' title='bbox 392 2399 440 2456; x_wconf 87' lang='lat' dir='ltr'><strong>fra</strong></span> <span class='ocrx_word' id='word_1_169' title='bbox 461 2398 643 2456; x_wconf 86' lang='lat' dir='ltr'><strong>notabuntur</strong></span> <span class='ocrx_word' id='word_1_170' title='bbox 664 2397 695 2454; x_wconf 91' lang='lat' dir='ltr'><strong>in</strong></span> <span class='ocrx_word' id='word_1_171' title='bbox 719 2397 930 2455; x_wconf 84' lang='lat' dir='ltr'><strong>commentario</strong></span> <span class='ocrx_word' id='word_1_172' title='bbox 953 2395 1065 2454; x_wconf 81' lang='lat' dir='ltr'><strong>critico,</strong></span> <span class='ocrx_word' id='word_1_173' title='bbox 1668 2394 1669 2401; x_wconf 72' lang='grc'>’</span> 
     </span>
    </p>
   </div>
   <div class='ocr_carea' id='block_1_2' title="bbox 1435 2480 1669 2572">
    <p class='ocr_par' dir='ltr' id='par_1_4' title="bbox 1435 2480 1669 2572">
     <span class='ocr_line' id='line_1_20' title="bbox 1435 2480 1669 2572; baseline 0.021 -16"><span class='ocrx_word' id='word_1_174' title='bbox 1435 2500 1521 2557; x_wconf 80' lang='lat' dir='ltr'><strong>Anu.</strong></span> <span class='ocrx_word' id='word_1_175' title='bbox 1538 2498 1646 2559; x_wconf 79' lang='lat' dir='ltr'><strong>Hurn</strong></span> <span class='ocrx_word' id='word_1_176' title='bbox 1664 2480 1669 2572; x_wconf 58' lang='lat' dir='ltr'>J</span> 
     </span>
    </p>
   </div>
   <div class='ocr_carea' id='block_1_3' title="bbox 0 0 1812 6040">
    <p class='ocr_par' dir='ltr' id='par_1_5' title="bbox 0 0 1812 6040">
     <span class='ocr_line' id='line_1_21' title="bbox 0 0 1812 6040; baseline 0 0"><span class='ocrx_word' id='word_1_177' title='bbox 0 0 1812 6040; x_wconf 95' lang='lat' dir='ltr'><strong> </strong></span> 
     </span>
    </p>
   </div>
  </div>
 </body>
</html>
