3614 6054
373 617 445 688 326
945 639 1129 692 uonnsnn

524 812 567 872 M.
600 813 714 874 Ocraeli
740 813 807 873 Pol.
831 814 976 874 Valerioa.
992 817 1119 890 flamini,
1143 817 1275 891 praetori
1295 814 1337 871 ΙΙ
1358 832 1444 873 caan
1466 813 1589 875 Volcani
1615 815 1698 876 Grut.

618 915 724 988 318,6
748 915 837 992 (vidit
859 913 1014 993 Smetius).
1059 914 1174 978 Similis
1199 916 1312 989 titulus,
1340 935 1429 994 quem
1450 918 1592 996 proponit
1614 917 1697 978 Grut.

618 1019 723 1091 aaa?
746 1018 831 1094 (inde
855 1019 1025 1078 Wilmanns
1050 1017 1143 1096 1723)
1171 1029 1327 1098 acceptum
1357 1020 1490 1078 referens
1513 1019 1623 1079 Fulvio
1644 1020 1698 1081 Ur-

617 1121 693 1195 sino,
716 1122 785 1181 vide
806 1139 844 1180 ne
867 1122 907 1180 sit
932 1122 1011 1182 idem
1034 1120 1265 1182 aGutenstenio
1284 1123 1483 1200 interpolatus
1504 1123 1638 1182 adhibito
1659 1123 1698 1181 al·

616 1229 680 1284 tero
703 1223 858 1284 Orelliano
884 1221 975 1283 2204.

454 1328 482 1386 3.
526 1325 686 1403 Poct(ifec)
711 1327 865 1404 utriusque
887 1327 967 1385 tituli
990 1327 1033 1403 (A
1057 1327 1085 1400 7,
1107 1327 1133 1386 Β
1157 1327 1189 1404 7)
1215 1329 1372 1388 nonsatis
1395 1335 1512 1388 constat
1532 1337 1632 1388 utrum
1654 1347 1699 1387 so·

369 1429 421 1488 lito
443 1449 526 1488 more
548 1429 738 1506 accipiendus
761 1431 860 1489 sitan
882 1429 1074 1506 intellegatur
1088 1429 1223 1490 Ostiensi
1245 1430 1288 1490 rei
1310 1431 1449 1506 publicae
1470 1431 1612 1507 proprius
1629 1450 1697 1507 pon·

369 1534 439 1607 royac
459 1531 578 1592 Volcani
600 1542 628 1592 ct
648 1535 760 1592 aedium
781 1550 940 1602 sacrorum,
964 1551 1051 1609 quem
1081 1533 1267 1592 sacerdotem
1290 1533 1388 1593 Ostiis
1411 1553 1479 1592 eum
1501 1533 1600 1592 locum
1629 1535 1699 1592 obti-

369 1633 482 1706 nuisse,
504 1652 593 1710 quem
614 1636 644 1693 in
669 1635 740 1694 urbe
763 1636 904 1695 tenebant
926 1642 1080 1695 curatores
1105 1654 1230 1712 operum
1252 1636 1439 1713 publicorum
1462 1645 1493 1696 et
1514 1637 1634 1696 aedium
1655 1656 1699 1696 sa·

368 1757 496 1809 orarum,
522 1738 554 1797 id
580 1747 629 1797 est
653 1742 682 1796 in
711 1737 831 1816 publico
858 1737 997 1797 dedicare
1018 1738 1187 1798 volentibus
1213 1739 1313 1798 locum
1336 1739 1510 1798 attribuisse
1532 1739 1698 1816 complures

368 1841 447 1900 tituli
469 1841 632 1900 ostendunt
654 1840 777 1916 (Marini
799 1839 872 1899 Arv.
895 1860 925 1918 p.
942 1840 1018 1912 357;
1046 1838 1080 1900 O.
1096 1839 1132 1900 L.
1149 1840 1289 1900 Visconti
1308 1859 1376 1900 ann.
1393 1841 1465 1900 inst.
1484 1840 1562 1901 1868
1586 1863 1615 1920 p.
1632 1843 1698 1900 378.

368 1944 453 2020 379).
499 1941 639 2003 Ceterum
672 1942 761 2002 huius
795 1942 954 2002 sacerdotii
987 1943 1118 2019 dignitas
1150 1943 1220 2002 inde
1250 1944 1448 2021 intellegitur,
1486 1945 1569 2020 quod
1603 1945 1634 2002 in
1666 1963 1699 2002 eo

367 2066 427 2106 non
453 2067 523 2106 raro
550 2055 702 2106 senatores
729 2045 831 2122 populi
857 2045 983 2104 Romani
1012 2045 1206 2105 inveniuntur
1237 2045 1420 2122 (Wilmanns
1449 2066 1476 2104 n.
1503 2045 1598 2118 17203
1632 2047 1699 2106 Vis·

367 2149 449 2209 conti
471 2149 490 2207 l.
513 2149 564 2225 a).

451 2251 548 2312 Ostiis
575 2251 667 2329 igitur
693 2259 819 2330 apparet
845 2249 1014 2310 Volcanum
1047 2271 1083 2311 eo
1110 2251 1331 2329 quodammodo
1352 2251 1421 2310 loco
1449 2252 1554 2325 luisse,
1589 2270 1649 2328 quo
1670 2252 1699 2310 in

368 2355 442 2414 urbe
464 2354 579 2431 Iupiter
605 2355 737 2432 optimas
760 2355 910 2413 maximus
938 2354 1011 2425 fuit3
1039 2373 1108 2413 nam
1134 2355 1284 2432 pontilicis
1313 2374 1380 2414 cnm
1402 2355 1556 2432 proprium
1580 2355 1699 2414 sitnon

366 2466 479 2516 certum
507 2457 636 2533 aliquem
663 2457 750 2516 deum
779 2457 888 2529 colere,
916 2456 968 2515 sed
993 2457 1038 2515 rei
1059 2456 1179 2516 divinae
1201 2458 1383 2534 praesidere,
1406 2456 1558 2518 Ostiensis
1582 2475 1699 2533 quoque

366 2560 501 2636 pontifex
522 2579 625 2618 curam
648 2560 712 2638 agit
733 2560 865 2619 omnium
881 2559 1004 2619 deorum
1027 2559 1207 2637 aediumque
1225 2579 1328 2618 eorum
1344 2561 1486 2632 omnium,
1509 2560 1563 2618 sed
1586 2559 1698 2636 praeci·

367 2683 424 2739 pue
446 2661 584 2721 Volcani.
628 2661 718 2722 Unde
744 2663 817 2721 item
838 2663 918 2722 infra
937 2664 969 2721 in
991 2663 1117 2722 aedibus
1145 2663 1337 2721 recensendis
1359 2662 1498 2722 Volcano
1519 2663 1636 2740 primus
1657 2663 1699 2721 lo·

365 2783 418 2824 cus
440 2766 535 2824 datur.
551 2797 590 2808 -
608 2764 755 2824 Flaminis
784 2774 884 2825 autem
906 2765 1082 2824 Volcanalis
1104 2766 1207 2824 munia
1228 2784 1293 2823 cum
1321 2774 1466 2842 appareat
1488 2765 1585 2826 Ostiis
1613 2766 1698 2824 susti-

364 2868 468 2928 nuisse
490 2869 616 2928 aedilem
639 2868 788 2928 aedilesve
804 2875 833 2926 et
855 2875 1019 2944 praetores,
1062 2868 1198 2944 quaestio
1221 2867 1327 2945 surgit,
1349 2867 1498 2944 quomodo
1521 2868 1635 2927 lactum
1653 2869 1697 2938 sit,

366 2981 397 3030 ut
428 2971 633 3030 sacerdotibus
660 2971 707 3029 his
733 2971 962 3047 magistratuum
990 2970 1137 3030 vocabula
1162 2971 1343 3030 inderentur.
1387 2969 1457 3030 Non
1479 2980 1559 3031 recte
1581 2990 1697 3048 compa·

367 3083 484 3133 raretur
511 3074 639 3133 dictator
664 3073 803 3132 Albanus
829 3082 1010 3150 praetorque
1034 3072 1178 3146 Larinas,
1207 3093 1244 3132 ne
1266 3073 1406 3132 Etruriae
1433 3074 1554 3151 quidem
1581 3082 1698 3151 praetor

367 3176 548 3253 aedilisque;
575 3177 605 3234 bi
633 3177 709 3235 enim
736 3176 846 3252 reliqui
873 3185 944 3234 sunt
969 3194 1007 3234 ex
1034 3176 1210 3251 republica
1236 3195 1254 3233 a
1275 3175 1421 3235 Romanis
1442 3177 1486 3234 ita
1510 3177 1641 3248 sublata,
1668 3183 1698 3234 ut

366 3279 561 3356 magistratus
588 3279 626 3338 ad
652 3297 740 3338 sacra
765 3278 973 3337 tantummodo
999 3287 1165 3349 manerent3
1192 3286 1223 3336 at
1252 3277 1438 3338 Ostiensium
1466 3279 1587 3338 colonia
1614 3279 1697 3337 mari·
1796 3291 1797 3294 ’

366 3387 441 3441 tima
468 3381 635 3458 antiquiore
661 3390 760 3440 aetate
787 3382 982 3458 magistratus
1013 3382 1151 3458 proprios
1180 3381 1281 3440 nullos
1307 3381 1421 3440 habuit.
1464 3380 1571 3440 Nihilo
1601 3381 1696 3440 minus

368 3484 497 3542 similem
525 3492 604 3543 certe
631 3484 775 3561 originem
802 3484 892 3543 etiam
921 3483 1079 3544 Ostienses
1106 3483 1137 3541 hi
1166 3483 1337 3542 sacerdotes
1363 3485 1476 3543 habent
1502 3485 1557 3542 sub
1581 3484 1696 3544 nomine

368 3587 596 3663 magistratuum
618 3587 823 3662 procedentes.
866 3585 946 3646 Nam
963 3587 1100 3646 coloniae
1122 3586 1149 3644 ei
1171 3605 1239 3644 cum
1259 3586 1389 3646 dubitari
1411 3605 1472 3644 non
1493 3588 1593 3662 possit
1615 3605 1697 3644 sacra

367 3689 490 3766 propria
516 3699 569 3747 aut
594 3690 632 3747 ab
659 3689 734 3764 ipsis
763 3689 828 3748 eius
856 3690 950 3748 initiis
973 3699 1025 3748 aut
1046 3698 1125 3748 certe
1147 3689 1305 3747 admodum
1328 3698 1445 3747 mature
1467 3707 1614 3748 concessa
1635 3705 1696 3747 esse

367 3799 396 3850 et
421 3793 516 3850 multo
542 3792 660 3869 quidem
690 3801 758 3850 ante
780 3811 871 3868 quam
893 3793 931 3852 ad
952 3792 996 3851 rei
1018 3791 1155 3868 publicae
1177 3791 1304 3850 formam
1332 3792 1515 3862 eveheretur,
1537 3795 1611 3850 item
1633 3809 1695 3850 cum
1795 3809 1796 3816 ¹

367 3894 531 3954 secundum
556 3894 801 3954 consuetudinem
823 3895 991 3954 Romanam
1014 3913 1100 3954 sacra
1122 3915 1140 3953 a
1162 3894 1387 3972 magistratibus
1407 3893 1599 3970 potissimum
1622 3895 1695 3952 facta

367 3999 441 4070 sint,
469 3996 628 4056 admodum
654 3998 811 4074 probabile
838 4006 884 4056 est
911 4017 970 4056 una
996 4015 1063 4055 cum
1090 4014 1242 4056 sacrorum
1264 3996 1393 4056 Vulcani
1417 3994 1602 4055 Ostiensium
1628 4015 1694 4055 con-

367 4101 521 4160 stitutione
536 4098 730 4160 Ostiensibus
751 4101 868 4159 colonis
891 4100 1002 4159 aediles
1023 4108 1238 4178 praetoresque
1259 4099 1302 4158 ita
1322 4117 1483 4158 concessos
1506 4117 1584 4171 esse,
1613 4099 1694 4156 utin

366 4201 608 4283 sacris-Volcani
635 4211 749 4262 tantum
776 4203 864 4261 modo
892 4203 991 4262 officio
1016 4203 1224 4280 fungerentur3
1254 4201 1305 4278 qui
1331 4202 1526 4278 magistratus
1553 4201 1601 4260 vel
1629 4220 1694 4259 vere

366 4305 537 4364 sacerdotes
553 4305 659 4364 deinde
681 4315 899 4380 remanserunt,
921 4324 987 4364 cum
1008 4303 1133 4364 coloniis
1154 4304 1264 4363 civium
1280 4304 1419 4363 omnibus
1435 4305 1471 4363 ad
1495 4305 1537 4362 rei
1560 4304 1694 4382 publicae

364 4409 491 4466 formam
524 4408 671 4483 promotis
698 4409 760 4466 veri
792 4409 985 4486 magistratus
1013 4407 1253 4466 concederentur.
1278 4439 1315 4449 —-
1342 4407 1391 4465 Ita
1416 4407 1449 4466 id
1478 4425 1597 4483 quoque
1625 4405 1693 4464 ferri

364 4519 474 4588 potest,
508 4511 587 4586 quod
618 4518 699 4570 recte
731 4531 770 4570 ex
804 4512 892 4570 titulo
925 4509 1056 4568 Herodis
1090 4527 1181 4584 supra
1213 4508 1308 4567 relato
1341 4509 1487 4568 Marinius
1511 4509 1592 4585 (icor.
1627 4509 1691 4567 Alo.

364 4633 393 4690 p.
410 4613 464 4688 58)
497 4613 605 4684 effecit,
637 4620 669 4671 at
700 4615 726 4672 si
759 4613 794 4671 de
828 4615 906 4673 veris
939 4612 1163 4688 magistratibus
1196 4619 1333 4687 ageretur
1364 4611 1452 4689 plane
1485 4613 1607 4671 tolerari
1636 4630 1692 4670 non

364 4725 479 4794 posset,
511 4727 665 4793 praetores
693 4716 838 4792 distingui
865 4717 993 4792 primum
1023 4714 1185 4774 secundum
1215 4714 1345 4772 tertium.
1388 4712 1468 4772 Nam
1496 4723 1530 4774 ut
1556 4735 1592 4773 ea
1617 4713 1692 4771 ordi-

365 4819 447 4877 natio
469 4839 488 4877 a
509 4819 686 4895 magistratu
707 4818 857 4890 abhorret,
886 4819 929 4876 ita
949 4819 979 4875 in
1003 4819 1098 4877 sacris
1121 4817 1289 4894 comparari
1310 4824 1452 4894 poterunt
1474 4817 1538 4895 ipse
1559 4817 1691 4894 pontifex

365 4922 514 4979 maximus
537 4930 567 4980 et
589 4921 649 4979 alia
671 4921 829 4996 quaedam,
856 4929 887 4980 ut
908 4923 1040 4981 sacerdos
1062 4909 1184 4980 secando
1209 4921 1270 4977 loco
1297 4919 1452 4978 titulorum
1477 4919 1690 4978 tauroboliaco-

364 5043 430 5080 rum
451 5023 730 5082 Beneventanorum
759 5023 797 5099 (l.
817 5023 855 5083 R.
876 5023 915 5083 N.
941 5023 1030 5083 1399.
1056 5021 1159 5091 1401).
1176 5053 1216 5064 -
1232 5020 1371 5112 Dgrique
1394 5023 1421 5081 si
1442 5027 1602 5098 quaeritur,
1630 5030 1691 5080 uter

363 5125 538 5184 honoratior
563 5126 667 5197 fuerit,
695 5125 801 5183 aedilis
830 5135 1000 5202 praetorve,
1033 5126 1064 5183 hi
1096 5125 1176 5184 tituli
1203 5123 1342 5182 videntur
1374 5124 1535 5184 secundum
1568 5123 1689 5182 aedilem

364 5226 509 5284 vindicias
533 5229 613 5298 dare,
635 5235 715 5286 certe
739 5229 788 5286 ubi
810 5228 836 5286 is
860 5228 1048 5304 componitur
1069 5245 1137 5286 curn
1160 5235 1297 5302 praetore
1319 5225 1420 5300 tertio;
1444 5228 1529 5286 aliter
1548 5227 1626 5286 enim
1641 5243 1690 5283 cur
1754 5245 1756 5250 ’

364 5329 394 5386 in
417 5329 510 5387 altero
532 5329 620 5388 titulo
643 5330 727 5388 solus
750 5329 854 5388 aedilis
877 5339 1016 5407 ponatur,
1038 5331 1121 5388 nullo
1143 5328 1231 5388 modo
1254 5327 1399 5403 explicari
1425 5337 1534 5406 potest.
