3596 6040
370 614 439 684 162
959 632 1106 692 nbaann

448 809 491 868 Ut
511 811 602 888 plena
617 813 749 869 omnium
773 812 889 888 sylloge
910 823 1032 890 paretur
1050 817 1225 892 priusquam
1248 818 1286 874 ad
1302 817 1507 893 qaaestionem
1521 819 1680 877 universam

366 910 462 970 denuo
485 913 670 972 tractandam
693 915 870 991 procedatur
893 935 964 974 sane
987 917 1148 992 optandum
1172 927 1227 976 est.
1268 919 1387 978 Interea
1408 921 1522 978 iuvabit
1543 921 1590 979 hic
1611 941 1682 980 com·

365 1033 532 1073 memorare
554 1026 778 1074 monumentum
801 1018 864 1076 eius
886 1018 994 1078 classis
1019 1038 1118 1092 unum,
1146 1039 1205 1096 quo
1234 1023 1458 1080 memorabilius
1486 1023 1597 1081 nullum
1618 1025 1683 1082 haec

366 1123 501 1191 tempora
522 1119 661 1177 tulerunt.

449 1219 532 1290 Tria,
556 1229 588 1276 ut
609 1221 680 1278 olim
703 1223 841 1297 exposui,
864 1224 923 1280 iam
945 1231 1016 1280 nota
1039 1230 1123 1282 erant
1145 1225 1284 1299 exempla
1306 1235 1488 1284 tesserarum
1510 1228 1547 1284 ab
1569 1227 1682 1304 reliquis
1776 1257 1777 1298 3

366 1321 526 1396 sexaginta
547 1322 614 1398 plus
637 1324 735 1380 minus
758 1324 878 1382 diversa
900 1345 945 1396 eo,
968 1325 1047 1400 quod
1069 1325 1188 1383 titulum
1210 1327 1298 1403 plene
1320 1329 1520 1404 perscriptum
1541 1329 1683 1401 exhibent,

365 1440 454 1496 quem
476 1422 545 1480 illae
573 1425 757 1500 compendiis
785 1435 900 1483 tantum
927 1428 1072 1502 scripturn
1094 1429 1212 1486 habent.
1257 1431 1304 1488 Ab
1325 1429 1383 1501 his,
1410 1449 1486 1506 quae
1512 1431 1685 1507 perscriptae

366 1531 444 1595 sunt,
472 1526 649 1598 repetendos
676 1543 744 1584 esse
776 1528 1031 1604 interpretationis
1062 1539 1187 1588 conatus
1214 1549 1318 1590 omnes
1344 1531 1536 1590 manifestum
1563 1543 1615 1590 est.
1654 1533 1685 1589 In

364 1625 426 1683 illis
441 1625 520 1683 enim
537 1627 575 1683 ad
589 1627 765 1703 gladiatoris
789 1647 895 1686 nomen
919 1631 997 1688 solet
1011 1631 1080 1689 addi
1103 1633 1280 1690 vocabulum
1300 1633 1443 1710 scriptum
1460 1653 1494 1710 sp
1510 1634 1686 1711 saepissime,

365 1727 462 1785 rarius
483 1745 533 1802 spe
561 1736 612 1786 aut
634 1739 723 1804 spect,
753 1732 845 1788 semel
868 1729 907 1805 (si
930 1731 1003 1790 fides
1024 1733 1162 1792 habenda
1183 1735 1331 1811 exempla
1356 1744 1388 1794 ut
1409 1735 1536 1808 videtur,
1560 1745 1686 1794 accurate

365 1828 505 1906 excepto)
518 1840 633 1904 spectat,
650 1831 729 1906 quod
741 1841 809 1907 post
821 1833 897 1891 alios
910 1832 1093 1894 Ritschelius
1110 1837 1297 1912 potissimum
1309 1855 1366 1896 nos
1381 1837 1469 1896 iussit
1480 1837 1517 1894 de
1529 1838 1687 1916 gladiatore

748 1943 872 2009 spectato
895 1939 966 1994 satis
990 1947 1016 1995 et
1036 1939 1141 1995 donato
1164 1941 1222 1996 iam
1244 1941 1314 1996 rude

364 2053 430 2092 cum
452 2033 579 2092 Horatio
603 2035 744 2111 accipere.
789 2033 902 2094 Contra
923 2039 954 2096 in
976 2039 1059 2098 hisce
1081 2044 1220 2116 spectavit
1241 2041 1440 2118 perscriptum
1463 2051 1523 2101 est:

451 2222 476 2278 1.
914 2241 934 2281 n
954 2243 999 2285 10
1018 2242 1037 2285 c
1056 2242 1071 2284 a
1092 2243 1142 2285 ss

943 2343 965 2384 v
980 2344 995 2384 a
1012 2344 1030 2386 c
1046 2346 1053 2385 r
1070 2345 1085 2386 a
1101 2347 1109 2386 1

915 2443 1140 2488 sescravrr

913 2547 1142 2589 nova-rena

452 2711 575 2772 Guasco
599 2713 681 2772 solus
704 2714 836 2774 servavit
858 2715 940 2790 (inde
962 2715 1081 2776 Ritschl
1104 2737 1131 2774 n.
1150 2714 1231 2790 i70).

449 2897 477 2956 2.
880 2916 1053 2960 enonvsvs
1080 2917 1180 2960 ecastr

947 3018 1112 3062 srecravn

449 3187 485 3244 In
506 3186 651 3244 lateribus
673 3186 791 3245 duobus
813 3187 937 3263 reliquis
962 3188 1075 3245 tridens
1098 3197 1126 3246 et
1147 3189 1265 3263 palmae
1288 3207 1388 3247 ramus
1411 3187 1497 3246 incisi
1520 3196 1599 3245 sunt.

448 3288 643 3346 Tamasinius
666 3297 695 3346 et
716 3289 880 3365 Pignorius
904 3299 1097 3350 servaverunt
1120 3291 1202 3366 (inde
1226 3289 1260 3348 O.
1277 3289 1303 3348 I.
1320 3290 1356 3348 L.
1378 3290 1393 3348 I
1415 3309 1444 3366 p.
1461 3285 1558 3360 200b3
1580 3285 1687 3348 Ritschl

365 3409 394 3446 n.
412 3387 493 3465 ⁴71).

450 3556 478 3614 3.
884 3573 1048 3618 enorsnvs
1075 3576 1178 3617 satsat

949 3675 1115 3720 sescravn

986 3779 1008 3819 a
1032 3791 1038 3806 ·
1063 3779 1077 3822 s

451 3927 522 3985 Vidi
545 3945 600 4004 ego
622 3927 654 3984 in
668 3946 771 3986 museo
786 3927 962 3986 Britannico
985 3937 1014 3986 et
1036 3928 1114 3986 edidi
1137 3939 1193 3988 act.
1210 3929 1294 3987 acad.
1310 3928 1410 3986 Berol.
1426 3936 1546 3986 menstr.
1571 3947 1598 3986 a.
1617 3925 1686 3984 1861

365 4049 394 4106 p.
412 4028 488 4099 7623
511 4049 530 4086 a
551 4029 719 4087 Wieselero
741 4039 893 4107 acceptam
914 4030 1099 4088 Ritschelius
1121 4048 1197 4088 mus.
1220 4031 1316 4090 Rhea.
1339 4049 1366 4088 a.
1392 4029 1471 4089 1866
1497 4048 1526 4105 p.
1543 4029 1613 4087 469.

448 4129 488 4190 N.
505 4127 536 4188 S.
559 4137 606 4188 est
627 4134 711 4188 acaia
734 4130 889 4190 Sectilibua
911 4140 963 4190 aut
985 4130 1204 4208 Septembribus.

449 4231 598 4289 Pilomusi
625 4241 655 4290 et
676 4231 812 4291 Protemi
838 4242 968 4293 tesseras
996 4235 1143 4293 sermonis
1167 4241 1197 4290 et
1221 4233 1407 4292 litteraturae
1428 4233 1525 4290 forma
1547 4229 1688 4309 (inprimis

368 4338 390 4390 Π
414 4334 556 4410 angulata
585 4342 614 4390 et
640 4352 763 4410 prorsus
797 4337 913 4412 aperta)
948 4336 1061 4395 liberae
1087 4336 1130 4392 rei
1157 4335 1295 4412 publicae
1327 4335 1513 4412 temporibus
1542 4334 1688 4410 adsignat;

368 4435 487 4496 Dioclis
510 4435 628 4494 videtur
649 4437 798 4495 recentior
819 4455 895 4495 esse.
939 4440 966 4494 A
982 4437 1147 4497 Ritschelio
1170 4438 1326 4496 damnatas
1346 4455 1449 4495 omnes
1464 4443 1588 4513 propter
1600 4435 1690 4512 ipsam

366 4541 504 4614 spectavit
525 4537 650 4596 formam
666 4537 817 4597 vindicare
836 4539 908 4596 olim
930 4539 989 4596 iam
1009 4547 1132 4598 conatus
1156 4556 1223 4596 sam
1238 4540 1322 4598 nisus
1337 4539 1471 4597 Protemi
1493 4545 1609 4596 tessera
1629 4533 1689 4592 sola

365 4649 427 4698 tum
446 4640 616 4717 superstite.
659 4639 739 4698 Ecce
755 4648 895 4717 quartum
910 4659 1005 4716 nuper
1020 4641 1149 4700 accessit
1163 4641 1334 4716 exernplum
1354 4640 1479 4718 reliquis
1502 4639 1688 4698 simillimum.

450 4743 569 4800 Etenim
586 4739 710 4800 Corneti
732 4742 763 4799 in
786 4743 895 4801 veteris
912 4743 1095 4819 Tarquiniae
1118 4743 1188 4816 situ,
1212 4761 1299 4818 quem
1322 4743 1416 4801 fuisse
1437 4749 1545 4817 putant
1564 4741 1690 4797 locorum

367 4845 465 4920 periti,
486 4844 517 4902 in
539 4843 662 4921 praedio
685 4842 763 4902 dioto
783 4842 878 4902 Civitd
894 4864 907 4903 e
925 4845 1044 4905 Occulta
1065 4845 1143 4902 inter
1164 4846 1273 4903 rudera
1294 4844 1398 4921 templi
1413 4843 1598 4918 aliorumque
1617 4836 1689 4896 aedi·

365 4945 501 5004 fictorum
522 4953 707 5004 vetustorum
729 4946 785 5004 hoc
806 4947 875 5022 ipso
892 4965 970 5004 anno
986 4944 1269 5006 MDOOCLXXVI
1283 4955 1403 5022 reperte
1421 4954 1477 5015 est,
1500 4952 1532 5002 ut
1553 4941 1641 5002 didici
1654 4957 1688 4995 cx

366 5048 563 5108 relationibus
586 5047 754 5124 ansepho
776 5047 930 5107 Fiorelli
953 5048 1088 5108 collectis
1116 5057 1145 5106 et
1171 5047 1302 5122 editis¹)‚
1325 5055 1439 5106 tessera
1461 5063 1559 5116 ossea,
1580 5043 1688 5101 formae

367 5176 570 5186 ——-—.

443 5233 467 5296 1)
486 5232 587 5286 Nottzie
607 5234 677 5302 degli
694 5237 767 5287 acaci
787 5235 816 5286 dt
834 5234 958 5288 anticditd
976 5237 1127 5289 comunicate
1147 5236 1202 5288 alla
1220 5235 1253 5287 R.
1276 5233 1429 5287 decadentia
1448 5233 1490 5285 dei
1508 5230 1605 5294 Lincei,
1630 5223 1687 5278 Feb·

368 5321 440 5394 brajo
462 5323 534 5376 1876
554 5326 663 5390 (Romae
686 5326 755 5378 1876
776 5329 813 5389 4.)
832 5346 858 5394 p.
875 5330 917 5380 19.
