3596 6040
515 641 591 692 ccx
616 641 784 694 murnum
809 637 1062 693 vrrlscuusrs.
1384 621 1453 691 167

138 836 222 894 supra
242 815 360 891 singula
374 815 501 892 periisse
523 834 591 876 cum
613 815 747 892 margine
763 815 870 874 dextro
894 820 1049 892 appareat,
1070 813 1101 872 in
1124 813 1248 873 sinistro
1270 833 1455 872 verounum

136 927 243 976 tantum
266 918 361 978 fuisse
382 917 498 976 inferne
520 917 660 994 positum.

212 1021 329 1097 Eetypa
357 1020 472 1078 tabulae
499 1021 656 1080 chartacea
683 1020 887 1096 imaginesque
909 1020 1133 1097 photographas
1155 1027 1277 1096 sumptu
1299 1019 1458 1078 ministerii
1470 1031 1597 1083 Recensio

136 1123 204 1201 regii
218 1123 423 1200 Portugallici‚
440 1123 520 1198 quod
535 1123 645 1181 cultum
662 1123 820 1199 studiaque
835 1123 925 1196 fovet,
942 1130 971 1182 et
986 1131 1049 1182 arte
1064 1123 1176 1180 eximia
1190 1121 1286 1180 factas
1303 1123 1459 1198 Augustus

137 1224 362 1286 Scrcmenius
379 1223 613 1300 Olisiponensis,
633 1227 685 1301 qui
701 1225 832 1284 tabulam
847 1226 943 1302 ipsam
959 1227 996 1284 ab
1011 1225 1134 1284 interitu
1149 1224 1321 1294 vindicavit,
1343 1242 1458 1282 mecum

136 1328 357 1386 communicavit
383 1313 574 1386 amicissime.
619 1326 702 1386 Idem
730 1328 890 1386 editionem
917 1328 982 1386 eius
1011 1327 1128 1387 curavit
1153 1326 1350 1404 principem¹)
1384 1344 1459 1385 usus

134 1431 175 1488 eis
196 1450 271 1507 quae
294 1448 350 1506 ego
374 1430 599 1488 subministravi
621 1431 848 1508 supplementis.

212 1535 282 1611 Ipse
307 1541 467 1609 postquam
496 1539 605 1610 ectypa
630 1533 732 1609 accepi
759 1542 844 1592 textu
873 1535 986 1612 scripto
1013 1533 1114 1592 addito
1136 1533 1228 1604 nullo,
1257 1533 1397 1592 continuo
1425 1550 1462 1590 ea

134 1637 276 1713 descripsi
308 1644 338 1693 et
370 1634 585 1694 communicavi
618 1655 685 1693 cum
712 1636 942 1696 Mommseno.
986 1636 1016 1694 Is
1043 1655 1104 1712 qua
1131 1645 1179 1694 cst
1207 1643 1237 1692 et
1269 1635 1405 1692 doctrina
1432 1639 1462 1692 et

133 1740 263 1798 acumine
304 1757 382 1814 quae
425 1755 480 1814 ego
523 1755 739 1813 proposueram
784 1739 994 1816 supplementa
1037 1740 1180 1815 pleraque
1223 1737 1393 1796 emendavit
1433 1744 1462 1792 et

133 1843 221 1912 auxit,
254 1859 295 1899 ex
326 1851 411 1916 parte
443 1839 609 1916 redarguit3
642 1859 720 1916 quae
753 1861 831 1899 nova
863 1842 1017 1901 invenerat
1049 1833 1109 1900 non
1141 1859 1239 1918 pauca
1272 1857 1327 1916 ego
1356 1838 1462 1896 deinde

134 1945 226 2002 denuo
250 1943 422 2001 examinavi
444 1942 570 2013 correxi,
593 1961 630 2000 ex
653 1951 737 2018 parte
752 1963 814 2002 non
835 1945 970 2021 probavi.
1007 1945 1056 2002 Ita
1077 1944 1191 2002 viribus
1213 1943 1323 2000 iunctis
1346 1948 1461 1999 textum

133 2067 188 2106 non
211 2054 325 2104 certum
348 2044 467 2121 quidem
496 2054 526 2102 et
553 2063 787 2122 usquequaque
814 2048 1011 2118 emendatum,
1038 2046 1091 2105 sed
1112 2046 1164 2122 qui.
1185 2045 1244 2122 legi
1266 2045 1371 2120 edique
1393 2061 1463 2120 pos·

134 2160 177 2207 set
198 2149 418 2207 constituimus.
462 2147 577 2206 Tamen
605 2167 673 2205 cum
700 2147 815 2207 lubrica
840 2167 888 2207 res
916 2150 1004 2207 nobis
1025 2148 1179 2207 videretur
1200 2165 1255 2204 nec
1277 2166 1354 2222 quae
1374 2146 1462 2204 facile

134 2253 217 2310 unius
250 2253 416 2309 duorumve
447 2268 538 2327 opera
571 2259 677 2326 posset
709 2250 746 2307 ad
778 2251 926 2327 liquidum
952 2251 1084 2328 perduci,
1117 2249 1332 2308 communicavi
1361 2258 1463 2307 textus
1517 2323 1521 2338 Ι

134 2355 271 2430 exempla
307 2372 373 2410 cum
410 2353 529 2424 amicis,
566 2353 617 2428 qui
653 2352 729 2410 haec
766 2353 866 2411 studia
900 2354 1054 2412 nobiscum
1087 2353 1206 2424 fovent,
1237 2351 1462 2410 Buechelero

134 2455 520 2516 Buechsenschuetzio
540 2453 795 2514 Hirschfeldio
816 2455 836 2511 J
843 2455 976 2514 ordene
995 2455 1186 2531 Kruegero
1207 2454 1286 2512 aliis.
1324 2453 1365 2512 Hi
1387 2473 1463 2531 quae

132 2561 322 2618 coniecerunt
343 2557 597 2616 adnotaveruntve
618 2558 844 2635 promptissimo
868 2558 1012 2630 acumine,
1041 2559 1084 2617 eis
1114 2575 1189 2616 usus
1216 2575 1281 2614 sum
1309 2557 1464 2633 religiose;

132 2662 260 2738 plurima
286 2680 358 2720 vero
384 2669 414 2718 et
440 2659 614 2718 felicissime
640 2659 762 2718 inventa
793 2659 975 2720 Buechelero
1004 2661 1157 2720 debentur.
1204 2660 1368 2736 Aliquanto
1395 2667 1466 2736 post

133 2766 248 2824 demum
272 2783 361 2840 quam
377 2763 436 2820 hoc
450 2761 560 2820 factum
577 2771 641 2822 erat
656 2759 851 2822 Soromenius
874 2765 992 2822 tabulas
1008 2763 1232 2842 photographas
1256 2763 1465 2821 subministra-

133 2868 187 2938 vit;
214 2867 287 2925 inde
312 2865 446 2942 posticae
472 2864 608 2922 ultimam
636 2873 761 2941 partem,
788 2885 865 2942 quae
894 2866 924 2924 in
951 2867 1067 2944 ectypis
1095 2866 1147 2925 vix
1168 2865 1229 2942 legi
1255 2875 1381 2941 poterat,
1410 2865 1465 2923 ali·

132 2979 242 3046 quanto
267 2969 379 3038 certius
401 2985 491 3043 quam
516 2975 605 3024 antea
625 2967 710 3026 licuit
732 2969 921 3028 constituere.
966 2965 1123 3045 Scriptura
1138 2969 1217 3028 enim
1238 2969 1269 3026 in
1293 2969 1466 3026 universum

132 3081 191 3131 tam
215 3072 335 3130 anticae
356 3087 446 3145 quam
470 3070 604 3146 posticae
625 3069 768 3128 facillime
790 3071 914 3147 legitur3
942 3071 1076 3148 posticae
1102 3081 1202 3130 autem
1232 3088 1338 3130 versus
1360 3069 1467 3146 viginti

132 3175 227 3234 ultimi
249 3195 271 3232 a
297 3173 421 3232 sinistra
446 3172 635 3250 potissimum
663 3173 802 3248 aerugine
829 3191 934 3232 crassa
959 3183 1038 3232 tecta
1063 3175 1093 3233 in
1120 3173 1234 3251 ectypis
1261 3174 1315 3232 vix
1341 3190 1466 3250 appare-

130 3279 211 3336 bant.
257 3276 396 3334 Tabulae
423 3282 522 3332 autem
550 3274 775 3352 photographae
801 3277 958 3336 lectionem
987 3295 1005 3334 a
1033 3275 1210 3338 Soromenic
1238 3295 1276 3334 ex
1305 3277 1372 3353 ipso
1400 3294 1467 3333 aere

131 3382 272 3439 haustam
296 3379 383 3456 plene
406 3377 664 3436 confirmaverunt.

214 3481 357 3540 Exhibeo
388 3489 504 3538 textum
531 3480 658 3556 primum
686 3481 765 3540 sicut
791 3483 920 3560 scriptus
948 3489 993 3540 est
1019 3482 1049 3540 in
1076 3491 1202 3559 utraque
1231 3481 1353 3540 tabulae
1381 3487 1468 3555 parte
1499 3495 1588 3546 Editio

131 3586 168 3648 ad
196 3595 311 3661 ectypa
337 3592 366 3640 et
391 3582 536 3658 imagines
564 3582 787 3660 photographas
813 3603 901 3660 quam
930 3585 1155 3645 accuratissime
1181 3600 1367 3662 expressum.
1413 3580 1467 3642 Se·

132 3689 234 3764 quitur
262 3685 456 3763 transcriptio
484 3703 552 3742 eum
579 3685 794 3760 supplementis
823 3694 852 3746 et
880 3687 1070 3747 adnotatione
1097 3679 1201 3746 critica
1227 3686 1321 3757 brevi,
1349 3686 1381 3744 in
1410 3703 1470 3760 qua

131 3791 291 3866 utriusque
314 3788 408 3864 partis
432 3787 609 3862 scripturam
632 3788 675 3844 ita
697 3789 848 3859 coniunxi,
875 3798 909 3847 ut
934 3791 1063 3865 quaein
1087 3789 1204 3866 postica
1225 3805 1346 3865 quoque
1366 3787 1469 3862 legun-

131 3901 180 3950 tur
202 3893 287 3951 linea
309 3889 455 3948 subducta
476 3889 904 3967 distinguerem.versuumque
927 3892 1015 3948 etiam
1036 3891 1170 3967 posticae
1192 3907 1333 3948 numeros
1356 3888 1469 3946 adscri-

130 3997 247 4054 berem.
295 3990 510 4070 supplementa
525 4009 602 4068 quae
619 3993 823 4051 Mommsenus
846 3993 1049 4070 suppeditavit
1070 4013 1089 4052 a
1109 3993 1185 4052 meis
1201 3992 1344 4068 distingui
1358 3990 1468 4062 noluit3

131 4097 259 4174 reliquis
282 4113 361 4170 quae
383 4095 535 4166 debemus,
560 4095 687 4172 singulis
704 4102 828 4171 accepta
849 4095 982 4155 tulimus.
1027 4093 1167 4156 Ceterum
1183 4115 1265 4154 more
1288 4095 1377 4152 solito
1400 4112 1470 4171 sup·

132 4201 289 4276 plementa
310 4197 483 4256 lacunarum
498 4197 676 4256 exhibentur
698 4198 845 4273 scriptura
859 4217 947 4274 quam
969 4198 1096 4258 dicimus
1112 4199 1241 4270 cursiva,
1264 4197 1472 4275 supplementa

133 4299 381 4376 compendiorum
401 4309 553 4376 ponuntur
574 4301 654 4358 intra
675 4318 768 4358 uncos
790 4301 945 4360 rotundos.
989 4302 1026 4361 In
1049 4301 1263 4362 commentario
1285 4299 1385 4376 quoad
1407 4297 1472 4357 fieri

132 4405 221 4462 licuit
243 4401 402 4462 lectionem
425 4401 578 4478 explicare
600 4403 868 4480 supplementaque
891 4404 1048 4464 defendere
1071 4405 1200 4482 suscepi.

562 4605 653 4684 (Vide
675 4608 789 4670 tabutas
811 4614 893 4669 iacta
911 4611 1049 4688 poeitae.)

221 4813 315 4891 Legis
337 4814 426 4872 huius
450 4812 494 4888 (id
517 4813 595 4871 enim
618 4831 723 4874 nomen
746 4816 815 4893 ipsa
837 4817 895 4874 sibi
917 4815 1063 4892 vindicat)
1087 4816 1266 4892 scripturam
1290 4831 1471 4874 sermonem·
1576 4865 1578 4868 .

130 4937 193 4995 que
217 4917 348 4994 primum
371 4916 477 4993 quales
501 4915 561 4974 siut
583 4933 732 4992 exponam
754 4917 894 4976 breviter.

215 5157 241 5219 ¹)
278 5155 321 5208 Lu
346 5155 412 5210 table
437 5156 468 5208 de
493 5155 583 5209 bronze
607 5152 770 5227 d’Aljustrel,
795 5166 905 5226 rapport
928 5155 1031 5210 adreeed
1054 5157 1072 5210 ὰ
1096 5158 1228 5210 Monsieur
1253 5160 1276 5211 le
1300 5159 1420 5212 Ministro
1444 5159 1473 5210 de

132 5245 287 5300 [Incertae
307 5265 362 5317 par
386 5250 501 5318 Augusto
528 5249 689 5316 Soromenlro,
708 5251 858 5320 proferrem
877 5245 1010 5304 d’leictcr'rc
1035 5246 1158 5304 bldccle
1177 5249 1320 5322 superiecere
1340 5253 1370 5305 de
1390 5252 1475 5304 lettres

132 5350 184 5392 etc.
207 5349 257 5392 etc.
297 5341 431 5409 Olisipone
453 5345 523 5394 1877
545 5341 597 5410 (pp.
620 5345 664 5408 12)
686 5347 710 5396 8.
732 5361 789 5396 cum
808 5345 902 5396 tabulis
922 5359 977 5395 sex.
1330 5351 1334 5359 ‘

1204 5540 1263 5600 m·
