3620 6050
507 612 556 664 uu
582 613 809 666 susurremus
835 611 1128 665 svcvsruamvs
1405 590 1477 664 229

150 787 238 860 plane
267 786 433 848 inauditum
462 796 508 845 est
536 797 566 845 ct
594 789 694 846 uerbis
722 785 876 846 Ciceronis
906 786 1028 862 supral)
1056 787 1155 844 allatis
1181 792 1336 862 repugnat.
1380 786 1480 861 Atque

149 887 228 946 filios
250 889 381 946 maxime
403 899 600 966 posterosque
617 891 753 948 divorum
775 889 987 964 imperatorum
1010 895 1069 962 aut,
1093 889 1119 946 si
1142 889 1217 947 nulli
1239 895 1336 948 essent
1357 887 1481 963 posteri,

148 991 336 1068 propinquos
358 1001 563 1068 cognatosque
579 993 730 1050 flamoniis
752 991 812 1049 illis
835 1009 904 1050 csse
925 1000 1048 1051 ornatos
1068 1001 1098 1050 et
1119 1011 1158 1050 ex
1180 1011 1213 1050 re
1235 991 1302 1068 ipsa
1324 990 1480 1064 probabile

148 1093 183 1149 fit
205 1100 235 1150 et
257 1112 296 1150 ex
319 1093 465 1170 exemplis
480 1113 558 1168 quae
580 1095 668 1153 nobis
692 1103 812 1152 servata
834 1102 903 1152 sunt
922 1093 1024 1170 colligi
1047 1111 1139 1170 posse
1158 1093 1290 1152 videtur:
1314 1092 1340 1152 si
1362 1091 1481 1168 quidem

100 1209 102 1216 ’
148 1195 258 1253 flamen
280 1196 457 1272 Augustalis
484 1196 597 1271 primus
625 1196 681 1254 fuit
704 1194 899 1256 Germanicus
928 1193 1050 1268 Caesar,
1077 1195 1138 1253 divi
1163 1195 1294 1272 Augusti
1320 1194 1481 1269 adoptione

148 1315 256 1374 nepos,
278 1305 340 1356 turn
362 1297 445 1358 Nero
462 1295 576 1357 Caesar
591 1299 722 1376 Augusti
743 1316 903 1376 pronepos,
927 1296 1053 1356 Claudio
1068 1299 1234 1374 imperante
1257 1316 1323 1356 cum
1338 1297 1482 1354 Iuliorum

149 1418 225 1476 gens
248 1400 308 1458 iam
329 1401 493 1460 interiisset
514 1399 551 1459 L.
569 1399 689 1461 Silanus
704 1401 836 1476 Augusti
858 1420 896 1459 ex
917 1399 979 1458 filia
1001 1401 1149 1475 abuep0s3
1171 1400 1388 1476 posterioribus
1411 1406 1484 1456 tem-

148 1502 273 1578 poribus
302 1503 474 1560 flamonium
498 1504 664 1579 Augustale
693 1503 731 1560 ad
758 1503 871 1562 alienos
894 1504 932 1561 ab
954 1502 1082 1580 Augusti
1107 1503 1251 1580 progenie
1272 1502 1409 1560 homines
1431 1499 1482 1556 de-

148 1605 246 1662 latum
267 1622 334 1664 esse
357 1623 480 1663 necesse
502 1613 557 1664 est.
603 1603 653 1664 Sic
667 1605 835 1664 Helvianus
856 1606 964 1663 flamen
986 1605 1101 1680 primus
1122 1604 1180 1663 fuit
1194 1604 1322 1662 Helvius
1338 1604 1483 1662 Pertinax

149 1707 212 1764 divi
234 1707 403 1766 Pertinacis
426 1707 521 1779 filius3
550 1707 618 1766 divo
640 1707 697 1766 Pio
718 1708 867 1767 flaminem
889 1726 929 1766 ex
957 1707 1096 1766 affinibus
1118 1714 1250 1766 creatum
1273 1725 1342 1766 esse
1364 1705 1483 1782 biogra-

150 1809 228 1884 phus
251 1809 347 1868 Marci
369 1820 471 1868 narrat
492 1829 517 1868 c.
542 1809 573 1868 7:
603 1829 638 1868 ac
664 1811 767 1869 nescio
793 1830 830 1869 an
858 1810 909 1886 qui
930 1807 1085 1868 Hadriano
1111 1809 1277 1886 imperante
1299 1809 1407 1868 flamen
1429 1809 1484 1868 Ul·

149 1911 242 1988 pialis
265 1911 322 1969 luit
343 1911 386 1988 (p.
404 1911 494 1988 224),
516 1911 551 1970 L.
569 1911 690 1972 Coelius
706 1913 854 1972 Balbinus
869 1912 1022 1986 Vibullius
1039 1912 1123 1984 Pius,
1147 1932 1214 1970 curn
1237 1932 1253 1970 e
1275 1912 1354 1970 tribu
1377 1910 1483 1987 Sergia

149 2013 250 2086 fuerit,
273 2032 335 2089 qua
355 2015 385 2071 in
408 2015 487 2074 tribu
508 2015 657 2086 Italicam,
679 2015 756 2072 uude
778 2013 923 2074 oriundus
945 2022 1010 2073 erat
1031 2014 1190 2086 Traianus,
1212 2014 1308 2073 fuisse
1330 2011 1483 2088 seimus2),

150 2117 218 2190 ipse
242 2134 361 2192 quoque
382 2116 555 2176 Italicensis
578 2125 607 2174 et
635 2116 856 2194 propinquitate
879 2137 946 2176 cum
973 2117 1042 2174 divo
1065 2117 1198 2176 Traiano
1224 2118 1399 2175 coniunctus
1421 2115 1484 2174 fue·

150 2219 204 2289 rit3
232 2237 413 2294 quamquam
440 2220 515 2278 haec
542 2220 715 2278 coniectura
740 2219 866 2278 multum
883 2221 980 2280 ‘abest
1002 2227 1035 2278 ut
1060 2227 1141 2278 certa
1166 2221 1213 2278 sit.
1257 2220 1357 2296 Atque
1378 2225 1412 2276 ut
1432 2236 1484 2294 po·

153 2329 265 2378 stremo
287 2321 354 2379 loco
370 2353 408 2363 -—
425 2341 494 2380 uam
520 2321 551 2378 id
580 2321 677 2380 solum
703 2331 818 2380 restare
845 2321 962 2380 videtur
978 2354 1017 2366 —
1033 2322 1069 2380 de
1097 2321 1348 2398 appellationibus
1375 2321 1484 2397 quibus

152 2423 341 2482 sollemniter
368 2425 414 2482 usi
443 2423 503 2482 sint
529 2425 664 2482 flamines
686 2424 822 2484 divorum
850 2423 958 2496 dicam,
992 2424 1239 2500 quemadmodum
1269 2423 1404 2482 flamines
1433 2422 1484 2498 qui

151 2526 220 2586 Iovi
241 2526 333 2584 Marti
356 2525 484 2600 Quirino
511 2536 597 2585 erant
624 2527 777 2586 constituti
805 2543 923 2604 semper
944 2527 1047 2586 Diales
1069 2527 1222 2586 Martiales
1246 2525 1411 2596 Quirinales
1433 2543 1485 2584 vo·

152 2635 260 2686 cantur
281 2635 371 2705 atque
392 2628 526 2686 inaudita
549 2636 593 2688 est
616 2628 795 2704 significatio
810 2631 918 2705 flumen
939 2631 1019 2687 Iouis
1033 2631 1141 2704 flamen
1163 2629 1271 2688 Martis
1286 2631 1394 2704 flamen
1414 2627 1485 2697 Qui·

152 2735 220 2802 rini,
236 2731 290 2787 vita
315 2731 451 2789 flamines
481 2731 616 2789 divorum
646 2750 764 2808 quoque
791 2750 852 2790 non
870 2734 1003 2808 flamines
1030 2734 1089 2790 divi
1112 2733 1185 2790 Iulii
1207 2730 1332 2807 Augusti
1357 2729 1484 2800 Claudii,

154 2835 207 2892 sed
233 2833 366 2892 Iulianos
392 2832 569 2910 Augustales
599 2832 768 2892 Claudiales
786 2835 919 2909 flamines
948 2853 1015 2894 esse
1044 2835 1140 2893 dictos
1170 2853 1209 2892 ex
1241 2831 1485 2909 inscriptionibus

154 2943 289 3013 apparet.
333 2935 531 2995 Inveniuntur
546 2937 624 2994 enim
647 2936 678 2994 in
699 2935 944 3011 inscriptionibus
960 2938 1096 2996 flamines
1119 2953 1266 3007 ivursuus,
1288 2949 1486 3006 nvovsrerS,

154 3039 336 3110 emuniuit,
358 3053 502 3110 virinum,
525 3054 765 3098 counoornuus.
810 3038 848 3097 Ei
875 3027 1025 3116 vero'qui
1053 3041 1084 3097 in
1108 3039 1354 3116 inscriptionibus
1383 3057 1485 3095 occur-

152 3150 226 3199 runt
239 3143 373 3216 flamines
389 3141 450 3198 diui
465 3141 589 3216 Augusti
610 3158 713 3198 ornnes
735 3151 785 3199 aut
801 3141 996 3218 municipales
1019 3150 1071 3200 aut
1092 3141 1291 3218 provinciales
1315 3139 1485 3198 sacerdotes

153 3224 250 3302 fuis‘se
273 3243 425 3316 videntur3
448 3243 565 3320 quade
588 3263 619 3304 rc
642 3243 719 3302 dixit
741 3243 944 3304 Mommsenus
966 3245 998 3303 in
1019 3243 1151 3304 Hermae
1173 3243 1232 3303 vol.
1250 3243 1278 3317 3,
1300 3264 1329 3320 p.
1347 3243 1415 3300 100.

155 3387 361 3397 ae---——-—

234 3458 258 3520 1)
296 3475 322 3523 p.
338 3461 391 3509 224
409 3474 435 3508 n.
449 3459 473 3508 3.

233 3549 257 3613 2)
297 3551 441 3602 Groteiend
460 3553 596 3617 imperium
615 3551 761 3603 Romanum
781 3552 841 3603 trib.
861 3553 942 3604 deser.
962 3569 987 3618 p.
1004 3555 1066 3604 100.
1301 3622 1330 3681 D

1333 3639 1444 3683 ESSAU.
