3620 6050
407 662 568 715 6111661
595 657 882 715 1166611661161
908 662 992 714 eoru
1018 661 1175 714 6611111.
1381 645 1453 715 255

123 855 195 894 sane
218 836 304 895 locus
326 835 379 894 ille
401 855 469 896 esse
490 837 588 895 forum
608 837 893 908 Alexandrinorum,
915 845 947 895 at
967 843 1067 914 potest
1088 851 1154 895 esse
1176 837 1270 915 ipsius
1293 837 1351 896 fori
1373 839 1455 896 locus

121 939 302 1014 conspicuus
335 939 479 998 tribunali
512 940 655 998 nostrisve
688 940 727 997 ad
759 941 895 1016 publicas
930 940 1082 998 orationes
1115 947 1195 1018 apto.
1248 940 1374 1016 denique
1405 941 1454 998 his

119 1041 302 1098 testimoniis
325 1060 428 1099 corum
452 1043 600 1100 sententia
622 1043 833 1118 comprobatur
854 1041 906 1116 qui
929 1041 1027 1100 Taciti
1049 1042 1141 1100 verba
1161 1043 1221 1100 An.
1244 1043 1273 1112 4,
1297 1043 1346 1114 67,
1370 1042 1387 1100 8
1410 1043 1456 1099 ael

120 1143 300 1200 allabenrimo
315 1145 379 1218 fori
401 1147 519 1222 effipiam
541 1147 602 1202 diui
622 1144 748 1221 Anqusti
778 1143 910 1220 amplecti
927 1145 1121 1221 populumque
1142 1164 1177 1202 ac
1199 1155 1326 1203 sanatum
1348 1145 1455 1202 ansilla

118 1263 223 1303 vacare
255 1246 292 1303 de
325 1247 401 1316 loco,
434 1265 492 1304 non
520 1247 557 1304 de
590 1255 724 1322 tempore
750 1245 951 1322 intellegenda
979 1265 1044 1304 esse
1071 1247 1242 1305 voluerunt:
1278 1247 1393 1305 scilieet
1426 1247 1457 1305 in

118 1349 229 1405 rostris
260 1349 382 1406 stetisse
410 1357 471 1406 tum
495 1349 624 1425 Augusti
652 1357 782 1408 statuam
804 1350 862 1406 hoc
883 1349 951 1426 ipso
974 1349 1146 1407 testimonio
1168 1367 1263 1425 eoque
1285 1349 1344 1407 nisi
1366 1349 1458 1406 fallor

120 1449 187 1506 solo
209 1449 377 1508 edocemur.
423 1469 458 1508 ae
473 1450 701 1526 municipiorum
717 1451 836 1527 quidem
859 1451 1103 1526 coloniarumque
1124 1451 1156 1508 in
1177 1451 1360 1508 exornandis
1382 1451 1456 1509 loris

120 1570 157 1608 ea
182 1551 241 1609 luit
270 1552 431 1610 aemulatio
459 1553 553 1624 urbis,
582 1553 633 1610 vix
655 1561 688 1610 ut
715 1553 807 1610 ullum
830 1572 930 1610 eorum
952 1553 1060 1611 rostris
1083 1551 1321 1612 tribunalibusve
1344 1554 1382 1611 ad
1404 1573 1457 1612 ex-

122 1653 238 1728 emplar
268 1661 433 1712 rostrorum
460 1653 519 1712 fori
552 1655 667 1712 romani
700 1655 788 1712 factis
821 1659 955 1714 caruisse
988 1655 1132 1712 videatur.
1177 1655 1331 1714 sciendum
1365 1656 1455 1727 enim,

120 1755 218 1830 quode
247 1756 319 1813 olim
342 1755 442 1814 monui
465 1755 705 1831 (labresbericbt
729 1755 807 1816 1875
831 1777 860 1834 p.
878 1756 990 1832 7516.)
1017 1765 1182 1816 rostrorum
1205 1764 1235 1816 et
1262 1757 1455 1815 tribunalium

119 1857 244 1915 nomina
265 1857 381 1915 Romae
403 1867 500 1916 aetate
521 1859 734 1935 imperatorum
763 1859 795 1915 in
817 1859 986 1933 promiscuo
1008 1859 1112 1916 baberi
1136 1859 1226 1917 solita
1247 1877 1326 1930 esse,
1357 1860 1401 1916 ita
1423 1869 1455 1917 ut

11 2029 12 2040 2
119 1969 220 2016 rostra
243 1959 459 2035 significaverit
480 1961 659 2019 Ammianus
684 1961 732 2029 16,
757 1960 804 2030 10,
829 1961 866 2019 13
890 1981 957 2020 cum
979 1961 1089 2019 dixerit
1111 1962 1260 2020 adlocutus
1281 1961 1455 2020 nobilitatem

11 2061 21 2162 ‘-
121 2065 152 2118 in
177 2064 261 2119 auria
279 2061 475 2138 populumque
497 2063 535 2138 [a]
558 2063 704 2121 1117166611.
749 2063 826 2120 addo
855 2063 1038 2121 luculentum
1064 2063 1227 2122 Frontonis
1255 2063 1456 2122 testimonium

123 2164 158 2220 de
185 2163 265 2238 eloq.
289 2182 317 2238 p.
337 2165 394 2223 145
423 2165 595 2224 immortales
622 2169 723 2223 seirint
747 2169 886 2223 comitium
915 2175 942 2222 et
971 2175 1067 2224 rostra
1097 2175 1123 2223 et
1151 2165 1310 2224 tribunalia
1338 2165 1457 2224 Catonis

123 2275 148 2322 at
176 2264 303 2324 Cruaclu¹
329 2275 355 2323 at
383 2266 528 2325 Ciceronis
558 2267 733 2326 orationibus
761 2267 902 2325 celebrata
929 2267 979 2324 loa
1007 2270 1190 2342 potissimumv
1220 2267 1333 2326 saeculo
1369 2271 1456 2326 conti·

126 2386 238 2438 cascere,
275 2368 330 2425 boc
363 2378 409 2426 est
442 2377 542 2428 rostra
570 2377 640 2427 ante
666 2369 778 2426 curiam
811 2373 842 2425 in
875 2368 996 2426 comitio
1025 2369 1124 2434 sitam.
1167 2369 1227 2426 iam
1256 2369 1457 2447 intellegetur,

127 2469 240 2545 opinor,
265 2471 338 2545 quid
366 2471 423 2529 sibi
451 2472 544 2529 velint
565 2471 695 2530 tribunal
716 2481 742 2530 et
762 2481 858 2530 rostra
879 2471 958 2528 tituli
980 2470 1194 2529 Rusicadensis
1216 2471 1349 2530 Renierii
1373 2471 1453 2530 2169

125 2581 152 2627 et
172 2573 303 2629 tribuual
329 2573 483 2631 titulorum
507 2573 690 2632 Veronensis
717 2571 800 2647 (CIL
817 2573 845 2645 5,
864 2573 891 2643 1,
907 2573 988 2631 4960
1012 2573 1048 2630 61.
1071 2573 1176 2650 supra)
1199 2582 1229 2630 et
1250 2574 1456 2632 Beneventani

124 2673 214 2746 (lRN
239 2673 349 2750 1502),
382 2675 492 2751 nequid
519 2676 615 2735 dicam
643 2677 679 2735 de
706 2676 809 2734 funere
837 2675 957 2752 publico
981 2672 1103 2751 Capuae
1123 2677 1193 2750 foro
1221 2675 1315 2748 61616,
1344 2677 1458 2735 66111661

123 2777 173 2833 ubi
194 2775 330 2834 laudatio
352 2777 472 2852 publica
501 2779 639 2837 sollemni
667 2779 842 2854 urbanaque
864 2795 946 2835 more
967 2776 1070 2834 habita
1096 2787 1178 2835 esset
1206 2777 1298 2852 (Plin.
1321 2798 1351 2836 n.
1374 2779 1402 2835 h.
1427 2779 1456 2848 7,

125 2877 181 2935 176
205 2879 284 2936 66111.
307 2879 407 2937 Plaut.
431 2881 520 2938 Most.
545 2879 630 2956 999).
678 2881 710 2938 111
735 2880 988 2956 Pompeianorum
1021 2879 1113 2956 igitur
1145 2880 1210 2937 loro
1237 2890 1337 2938 rostra
1363 2882 1458 2939 tribu-

124 2981 244 3038 naliave
266 2989 368 3039 extare
394 3001 443 3040 res
466 2989 511 3041 est
533 2983 708 3054 certissima,
731 2983 803 3040 lieet
823 2981 1075 3058 Pompeianarum
1099 2982 1309 3057 antiquitatum
1332 2983 1401 3040 libri
1424 2999 1460 3039 ea

123 3083 160 3140 de
190 3103 224 3141 re
253 3091 380 3142 taceant.
424 3105 479 3162 ego
506 3105 571 3144 eum
599 3084 722 3143 alsat
746 3083 887 3160 Pompeis
916 3103 1117 3142 commorarer
1146 3084 1268 3142 videbar
1294 3085 1367 3142 mihi
1395 3085 1458 3142 ani-

122 3187 311 3244 madvertere
332 3187 420 3245 basin
446 3187 529 3244 illam
551 3205 640 3263 quam
662 3187 764 3246 dicunt
785 3205 921 3264 magnam
944 3187 976 3245 in
1003 3187 1097 3245 latere
1120 3187 1299 3245 occidentali
1328 3188 1458 3262 positam

123 3306 190 3346 esse
213 3287 663 3358 rostrorum'substructionem,
694 3309 754 3348 non
777 3307 844 3348 esse
865 3290 953 3348 basin
978 3297 1104 3359 statuae,
1132 3307 1258 3365 eamque
1279 3307 1342 3347 rem
1366 3290 1459 3365 signi-

123 3391 211 3448 ficavi
232 3389 364 3450 Ricardo
388 3389 536 3450 Schoenio
567 3401 638 3450 tune
666 3392 698 3448 in
726 3391 854 3466 publicis
883 3391 985 3468 oppidi
1012 3391 1101 3449 huius
1132 3391 1333 3450 monumentis
1363 3391 1459 3469 expli-

123 3493 226 3552 candis
261 3496 400 3552 versanti.
444 3513 524 3552 nune
556 3495 644 3553 video
673 3493 850 3552 Fiorellium
883 3511 1003 3570 quoque
1038 3511 1091 3552 suo
1121 3493 1185 3551 iure
1208 3495 1395 3568 quaesivisse
1422 3495 1459 3552 de

122 3596 230 3654 rostris
254 3595 446 3673 Pompeianis
475 3597 614 3672 (descriz.
645 3596 675 3654 di
696 3596 822 3671 Pompei
845 3594 976 3670 puts).
1021 3596 1074 3654 sed
1096 3596 1177 3671 quod
1198 3596 1239 3654 ibi
1262 3595 1339 3654 dixit
1359 3596 1458 3654 forum

124 3699 276 3757 continere
302 3693 371 3757 ‘due
393 3701 549 3758 tribunalia
572 3717 627 3757 con
649 3699 705 3756 due
727 3698 835 3756 minori
861 3697 994 3774 suggesti
1016 3698 1070 3756 ohe
1092 3707 1240 3773 potevano
1262 3707 1346 3756 tener
1367 3698 1458 3774 luogo

123 3800 153 3858 di
178 3795 287 3859 nosua’
316 3821 352 3859 ea
379 3821 485 3878 parum
514 3801 664 3877 intellego.
708 3801 761 3858 sed
787 3800 864 3857 hane
892 3819 955 3857 rem
977 3799 1044 3857 aliis
1067 3797 1287 3856 diiudicandum
1309 3799 1456 3875 relinquo.

123 3903 162 3960 ad
183 3903 282 3961 forum
305 3921 462 3962 romanum
483 3904 583 3963 redeo.

208 4005 307 4082 Prope
336 4013 435 4063 rostra
461 4005 552 4081 igitur
578 4014 684 4064 extant
710 4014 771 4064 tres
799 4005 887 4062 bases
914 4003 1081 4074 latericias,
1112 4011 1268 4079 praeterea
1295 4003 1456 4061 secundum

125 4108 205 4164 viam
231 4125 348 4166 sacram
369 4126 458 4183 quam
482 4107 583 4166 dicunt
604 4117 671 4166 6616
699 4108 825 4166 61116616
852 4107 941 4182 plane
974 4106 1093 4184 gemino
1125 4105 1231 4176 factae,
1265 4106 1393 4182 denique
1426 4107 1458 4165 in

125 4229 194 4268 area
214 4209 273 4267 fori
295 4228 311 4266 e
333 4210 456 4285 regione
484 4210 587 4285 templi
610 4208 751 4269 Caesaris
779 4227 852 4267 una:
887 4216 1012 4286 apparet
1040 4216 1138 4265 autem
1156 4241 1193 4250 -
1210 4209 1240 4266 id
1267 4210 1348 4284 quod
1377 4209 1457 4266 infra

125 4313 228 4386 quanti
251 4313 292 4370 sit
313 4311 455 4370 momenti
478 4321 674 4388 cognoscetur
690 4346 728 4355 -
744 4311 837 4370 hanc
859 4311 975 4370 solam
1002 4310 1138 4369 extitisse
1165 4311 1196 4368 in
1223 4329 1293 4368 6166
1321 4321 1457 4386 tempore

125 4413 255 4472 labentis
288 4413 415 4488 imperii.
459 4414 609 4490 quaesivit
636 4414 796 4473 Bunsenus
829 4415 860 4472 in
894 4413 969 4472 actis
995 4413 1128 4472 Instituti
1160 4413 1257 4470 nostri
1290 4413 1457 4471 minoribus

126 4534 151 4572 a.
175 4516 256 4574 1836
278 4535 349 4574 num
372 4516 407 4574 de
430 4517 525 4576 tribus
547 4517 609 4575 illis
631 4517 764 4588 basibus,
794 4535 869 4593 quas
891 4517 988 4594 primo
1010 4515 1079 4574 loco
1101 4515 1263 4588 nominavi,
1286 4536 1345 4574 una
1366 4515 1457 4573 fuerit

125 4618 204 4676 basis
230 4618 409 4678 Constantini
437 4619 479 4694 (n.
499 4619 570 4694 133)
598 4618 696 4677 octavi
724 4619 836 4676 saeculi
863 4619 948 4676 initio
974 4618 1042 4676 visa
1069 4618 1107 4674 ab
1129 4619 1289 4692 Anonymo
1318 4617 1456 4675 Einsied-

124 4719 213 4790 lensi;
241 4728 272 4779 et
296 4721 361 4778 iure
388 4721 537 4798 quaesivit
557 4721 604 4779 vir
632 4719 856 4779 sollertissimus
884 4720 1019 4796 miroque
1042 4719 1135 4777 animi
1156 4719 1274 4777 fervore
1296 4720 1343 4777 his
1365 4719 1455 4776 rebus

125 4821 343 4899 investigandis
366 4824 491 4882 deditus.
537 4823 587 4880 sed
617 4839 716 4880 errore
742 4822 867 4898 proclivi
890 4839 1036 4897 quemque
1058 4829 1129 4878 tunc
1151 4821 1282 4879 devitare
1305 4841 1365 4879 non
1387 4821 1456 4878 lice-

123 4925 174 4982 bat
199 4925 335 4983 nondum
363 4927 495 5002 perlecta
520 4924 727 4983 eruderatione
755 4923 850 4982 tribus
878 4923 939 4980 illis
968 4931 1103 4999 quartam
1132 4923 1246 4981 addidit
1274 4941 1352 5000 quae
1374 4923 1457 4981 nulla

123 5037 183 5099 est3
207 5037 256 5087 est
271 5028 350 5086 enim
366 5029 495 5106 angulus
516 5028 612 5104 ipsius
635 5025 864 5085 substructionis
886 5033 1053 5083 rostrorum
1068 5043 1103 5082 eo
1126 5033 1259 5102 tempore
1282 5025 1455 5102 semisepul-

122 5136 179 5187 tae.
225 5131 298 5188 huic
330 5130 423 5208 igitur
454 5131 605 5188 tribuebat
634 5147 734 5205 equum
764 5128 940 5188 Constantini
975 5127 1076 5203 (quem
1110 5137 1180 5185 tune
1207 5128 1343 5187 homines
1376 5128 1457 5185 docti

121 5233 219 5290 Μ6161
241 5232 360 5292 Aurelii
382 5239 547 5308 equestrem
572 5239 701 5290 statuam
724 5249 791 5290 esse
813 5230 981 5307 putabant),
1004 5237 1119 5287 ceteras
1142 5237 1244 5306 utpote
1266 5249 1372 5307 parum
1396 5249 1458 5288 am-

119 5334 186 5410 plas
204 5335 365 5412 operisque
381 5335 507 5411 pessimi
530 5333 583 5394 tali
606 5343 724 5394 statuae
742 5351 848 5412 parum
870 5331 1029 5392 convenire
1050 5339 1144 5391 ratus.
1181 5351 1241 5390 non
1263 5349 1397 5409 repugno
1421 5333 1458 5390 de

1201 5535 1260 5596 ts*
