3614 6054
340 567 412 637 328
913 584 1096 637 nouusau

336 761 521 836 intellegitur
536 778 574 818 ex
597 758 685 818 fastis
701 757 895 818 Ostiensibus
918 757 1057 834 (Henzen
1075 757 1180 834 6446),
1203 757 1254 816 ubi
1279 767 1325 816 est
1339 757 1420 816 IIeir
1435 778 1458 816 c.
1471 778 1504 834 p.
1521 779 1548 834 q.
1586 759 1666 817 Alibi

337 862 486 920 invenitur
507 881 555 939 qq.
571 879 594 920 0.
607 881 638 936 p.
664 861 803 936 (Henzen
825 861 931 941 6029),
953 861 1035 919 Iloir
1056 860 1275 938 quinquennalis
1298 859 1436 936 (Heuzen
1459 860 1566 937 6709),
1588 864 1667 938 quta·

340 965 490 1042 quennales
514 964 627 1040 (Orelli
651 961 731 1021 2204
755 981 847 1040 supra
868 983 897 1039 p.
915 962 999 1039 325).

422 1068 450 1124 4.
495 1066 656 1143 q(aaestor)
678 1063 829 1140 c(ererr't),
856 1066 937 1142 quod
962 1085 1022 1124 non
1049 1065 1159 1142 legitur
1184 1065 1244 1124 nisi
1266 1065 1296 1124 in
1318 1065 1343 1124 B
1368 1065 1424 1142 (7),
1451 1065 1581 1126 reditio
1603 1065 1667 1124 aliis

338 1171 435 1229 titulis
459 1169 576 1228 duobus
600 1167 805 1240 Ostiensibus,
833 1186 958 1243 quorum
987 1168 1112 1228 alterum
1138 1167 1173 1225 L.
1196 1166 1306 1226 Licinii
1327 1166 1460 1226 Herodis
1487 1169 1667 1226 1100ον000-

338 1273 410 1332 bula
431 1273 598 1348 perscripta
619 1271 777 1329 habentem
800 1278 888 1328 antea
912 1270 953 1346 (p.
971 1268 1047 1346 325)
1071 1271 1236 1343 attulimus,
1259 1271 1336 1329 alter
1357 1271 1428 1328 item
1451 1288 1543 1347 supra
1563 1289 1594 1346 p.
1611 1270 1666 1330 321

338 1375 447 1434 citatus
470 1372 525 1433 Gn.
550 1372 645 1433 Sentii
667 1372 779 1431 Felicis
802 1372 832 1430 in
855 1373 958 1431 ordine
980 1373 1126 1432 honorum
1149 1379 1303 1430 enumerat
1324 1391 1351 1448 q.
1375 1392 1403 1430 o.
1432 1370 1552 1432 Ostteos.
1578 1373 1666 1448 (eom-

337 1477 479 1555 pendium
505 1494 565 1534 non
592 1475 751 1534 admodum
779 1475 920 1533 usitatum
947 1474 1025 1532 redit
1046 1475 1104 1534 vol.
1120 1475 1149 1534 V
1170 1493 1199 1532 n.
1215 1473 1321 1550 6428),
1349 1473 1456 1533 deiude
1483 1483 1554 1550 post
1582 1476 1670 1534 verba

337 1598 428 1656 supra
449 1577 543 1637 relata
564 1578 607 1635 ita
628 1577 737 1654 pergit:
762 1578 806 1634 liic
824 1581 937 1653 primes
960 1581 1091 1648 omnium,
1114 1595 1168 1654 quo
1190 1595 1264 1636 anno
1287 1575 1430 1653 dec(urio)
1453 1575 1609 1652 adqecrur)
1632 1587 1670 1636 eat

337 1682 468 1758 (seilicet
488 1681 564 1740 inter
580 1679 759 1755 aedilicios),
782 1691 809 1739 et
828 1679 991 1756 q(uoector)
1014 1678 1152 1755 c(erorr't)
1168 1677 1298 1755 sact(oa)
1322 1687 1365 1736 est
1385 1687 1410 1736 et
1431 1683 1461 1736 tn
1478 1677 1668 1755 proximem)

338 1803 442 1844 annom
456 1783 538 1842 IIvir
553 1781 746 1858 deaiqnatota)
762 1791 811 1840 est.
855 1779 942 1840 Unde
957 1782 1029 1840 item
1044 1782 1227 1860 intellegitur
1241 1787 1434 1856 quaesturam
1455 1781 1533 1856 apud
1550 1780 1668 1840 Ostien-

338 1905 386 1946 ses
417 1885 549 1945 muneris
576 1885 642 1943 loeo
672 1884 767 1943 luisse
795 1885 919 1961 gradum
949 1893 1060 1942 certum
1089 1884 1203 1944 nullum
1230 1883 1410 1952 obtinentis,
1437 1902 1502 1940 cum
1533 1883 1669 1942 aedilicio

336 2007 456 2066 quoque
484 1987 654 2046 conferatur
679 2005 776 2062 neque
802 1987 992 2046 intervallum
1020 1986 1115 2044 ullum
1138 1987 1308 2062 requiratur
1329 1986 1494 2044 inteream
1515 1993 1546 2044 et
1567 1985 1670 2044 duovi-

335 2101 441 2150 ratum.
487 2091 594 2167 ltaque
621 2109 715 2166 neque
743 2088 917 2147 mirabimur
946 2087 1105 2148 Gamalam
1133 2109 1169 2148 eo
1197 2107 1319 2147 munere
1345 2088 1478 2146 functum
1506 2106 1576 2147 esse
1602 2097 1670 2166 post

336 2211 493 2254 censuram
509 2211 605 2270 neque
619 2210 807 2270 quaeremus,
831 2211 883 2250 eur
904 2191 935 2248 in
958 2192 1053 2250 altero
1076 2191 1164 2250 titulo
1180 2199 1341 2266 quaestura
1359 2199 1579 2270 praetereatur3
1603 2209 1669 2249 nam

337 2298 466 2355 honores
489 2295 633 2354 ordinarii
655 2302 770 2353 tautum
797 2294 886 2352 modo
914 2297 945 2352 in
967 2293 1061 2352 titulis
1088 2293 1258 2352 necessario
1280 2293 1481 2369 requiruntur,
1504 2293 1670 2352 extraordi-

337 2399 414 2458 narii
438 2408 537 2456 autem
558 2399 689 2474 itemque
711 2415 835 2455 munera
856 2406 935 2454 reete
958 2397 1143 2455 omittuntur.
1161 2430 1200 2439 -
1216 2393 1356 2454 Ceterum
1370 2402 1546 2472 quaestores
1563 2395 1670 2454 aerarii

337 2501 388 2578 qui
412 2497 549 2560 dieuntdr
572 2501 637 2559 sine
659 2499 749 2558 dubio
772 2517 875 2558 omnes
898 2498 1030 2557 Traiano
1053 2499 1238 2574 posteriores
1262 2507 1343 2568 sunt3
1373 2517 1442 2557 nam
1469 2506 1537 2556 aute
1559 2497 1670 2556 eonsti-

336 2613 431 2662 tutam
459 2612 651 2678 quaesturam
685 2602 810 2660 alteram
843 2601 1058 2660 alimentariam
1088 2619 1181 2659 causa
1207 2601 1290 2659 nulla
1322 2601 1389 2673 fuit,
1422 2620 1473 2660 eur
1501 2619 1561 2658 non
1591 2599 1669 2658 nudo

337 2707 508 2783 quaestoris
531 2705 651 2763 nomine
674 2705 741 2762 solo
764 2711 927 2762 uterentur.

422 2810 450 2866 5.
494 2805 684 2883 tabolor(um)
707 2817 732 2865 et
755 2806 893 2864 librorum
920 2817 1038 2892 curctqr
1055 2809 1169 2882 primata
1192 2809 1359 2865 constitutus
1386 2805 1472 2864 adest
1493 2806 1524 2864 in
1547 2805 1614 2866 solo
1637 2805 1670 2864 ti·

337 2911 398 2970 tulo
420 2910 587 2989 posteriore
610 2910 649 2986 (B
672 2908 714 2984 8).
759 2907 857 2968 (lurae
880 2909 945 2967 eius
966 2909 998 2966 iu
1020 2909 1190 2984 municipiis
1213 2909 1338 2966 alterum
1361 2907 1534 2984 exemplum
1556 2908 1670 2968 nullum

337 3015 419 3085 novi3
444 3031 592 3090 expressa
614 3021 661 3071 est
683 3011 721 3069 ad
744 3021 888 3069 curatores
910 3012 1071 3070 tabularum
1089 3011 1273 3087 publicarum
1295 3011 1427 3070 urbanos
1454 3029 1580 3068 numero
1602 3021 1670 3083 tres,

337 3117 389 3192 qui
414 3117 544 3192 primum
570 3116 736 3192 imperante
758 3113 884 3172 Tiberio
911 3113 1067 3173 constituti
1094 3123 1164 3172 suut
1189 3114 1227 3171 ad
1248 3113 1368 3172 tabulas
1395 3112 1535 3172 tabularii
1557 3113 1671 3191 publici

336 3217 547 3278 instaurandas
569 3218 619 3276 vel
641 3216 826 3294 supplendas
850 3216 933 3292 (reim.
958 3216 1137 3276 Stactsrectt
1156 3214 1208 3289 22,
1225 3216 1310 3292 545).

422 3322 450 3381 6.
495 3330 609 3380 carator
626 3323 768 3396 pecuniae
784 3321 919 3396 publicae
941 3320 1094 3396 cciqendoe
1123 3331 1149 3378 et
1168 3319 1363 3378 attribuendae
1384 3322 1414 3377 tn
1437 3321 1556 3378 comitiis
1572 3321 1670 3396 sactae

339 3423 379 3499 (B
404 3424 442 3481 14
475 3423 541 3482 loeo
573 3441 678 3500 parurn
706 3423 791 3498 apto)
825 3423 888 3481 sive
914 3426 945 3480 r'n
978 3425 1084 3481 comitis
1104 3423 1204 3499 jactus
1232 3431 1350 3481 curator
1372 3425 1513 3498 pecuniae
1534 3423 1670 3498 publicae

338 3527 490 3602 eaiqcndee
512 3536 538 3584 et
558 3525 765 3584 adtribuendoe
780 3525 821 3601 (A
838 3524 871 3600 9)
893 3534 927 3582 ut
947 3524 1019 3582 item
1040 3525 1072 3582 in
1088 3524 1258 3600 municipiis
1273 3534 1429 3602 praeterea
1448 3529 1512 3584 aine
1531 3525 1669 3603 exemplo

338 3637 394 3700 est,
416 3629 458 3685 ita
479 3646 538 3686 non
561 3627 659 3686 minus
682 3637 762 3686 reete
784 3635 979 3703 componetur
999 3645 1066 3685 cum
1089 3627 1186 3686 tribus
1202 3627 1275 3684 viris
1296 3645 1373 3704 quos
1389 3625 1536 3687 Claudius
1559 3627 1670 3686 creavit

337 3720 501 3814 πράκτορας
514 3731 570 3788 τῶν
585 3731 627 3807 τῷ
641 3723 763 3806 δημοῦ-ἴῳ
778 3720 965 3807 ἆφειλομένων
980 3729 1055 3806 (Dio
1069 3730 1118 3802 60,
1133 3729 1185 3800 10;
1208 3727 1450 3801 siccarentur,
1464 3729 1547 3804 545).
1585 3727 1670 3802 Quod

337 3833 464 3892 adicitur
486 3835 516 3890 in
531 3835 638 3892 comitia
649 3835 758 3910 sactes,
781 3832 812 3890 id
834 3851 901 3891 eum
924 3834 1020 3892 solum
1036 3833 1165 3908 priorem
1186 3831 1304 3890 titulum
1320 3831 1514 3902 habebamus,
1536 3831 1670 3908 proclive

260 3988 262 3993 .
337 3943 402 3995 erat
416 3936 529 3994 referre
544 3936 583 3994 ad
604 3954 762 3994 censuram
785 3953 862 4012 quae
884 3935 1050 4012 praeeedit3
1073 3953 1254 4011 quamquam
1276 3953 1343 3993 cum
1360 3951 1501 3993 censores
1524 3934 1556 3992 in
1580 3933 1669 3992 corni·

337 4039 387 4096 tiis
414 4055 518 4096 omnes
541 4047 677 4097 areentur
703 4038 732 4095 id
760 4037 994 4096 additamentum
1017 4038 1044 4096 ei
1070 4037 1257 4114 magistratui
1284 4056 1391 4114 parum
1413 4035 1581 4114 convenit„
1606 4036 1669 4094 Iam

337 4140 457 4216 prolato
479 4140 565 4199 titulo
587 4141 752 4218 posteriore
775 4149 881 4217 sponte
904 4145 1029 4218 apparet
1051 4141 1088 4198 ad
1110 4157 1212 4198 euram
1234 4139 1266 4198 id
1286 4139 1463 4198 trahendum
1486 4155 1564 4210 esse,
1595 4157 1669 4215 quae

338 4261 427 4300 aurae
449 4261 515 4299 eum
544 4244 674 4310 maxime
702 4251 799 4302 aetate
825 4243 1019 4320 imperatoria
1044 4242 1220 4320 plerumque
1247 4241 1285 4300 ab
1313 4241 1416 4300 ordine
1438 4240 1589 4314 darentur,
1612 4257 1669 4298 uon

339 4345 403 4402 sine
435 4344 544 4402 idonea
577 4363 670 4404 eausa
701 4345 780 4404 adici
812 4345 910 4422 potuit
941 4345 1021 4402 hune
1047 4353 1213 4404 curatorem
1241 4344 1346 4422 populi
1376 4343 1531 4420 suffragiis
1560 4342 1668 4402 lectum

338 4464 414 4506 esse.
431 4479 468 4490 -
488 4445 627 4506 Ceterum
654 4465 714 4523 quo
743 4447 847 4506 ordine
869 4447 918 4506 hie
944 4449 1042 4506 honor
1070 4455 1101 4506 et
1125 4447 1263 4523 proxime
1284 4445 1467 4523 praecedens
1490 4462 1522 4504 se
1544 4463 1670 4520 excepe-

337 4549 406 4622 rint,
431 4550 603 4628 ambiguum
624 4558 677 4609 est.

439 4774 493 4832 111.
535 4729 877 4834 uruuaumuurus
902 4771 1111 4833 eruntne
1133 4771 1179 4832 m
1200 4772 1237 4832 a.
1259 4773 1296 4832 Ρ.
1320 4769 1572 4833 osmuusun.

424 4963 452 5019 1.
494 4962 531 5030 In
560 4962 643 5020 ludos
670 4980 733 5020 cecc
759 4964 915 5038 acceptaret
936 4960 1079 5038 poblic(e)
1103 4961 1192 5034 lucar,
1218 4963 1325 5020 remisit
1351 4969 1376 5019 et
1402 4961 1436 5018 de
1457 4978 1508 5018 auc
1531 4961 1669 5035 00090010-

338 5081 400 5120 nem
414 5065 488 5138 fecit
509 5062 553 5138 (A
571 5062 624 5139 12)
646 5063 711 5124 sive
727 5065 810 5123 ledea
833 5083 926 5122 omnes
946 5082 1016 5140 quos
1031 5065 1102 5138 fecit
1121 5063 1305 5140 amplificavit
1325 5065 1454 5138 impenso
1474 5079 1528 5120 aaa
1550 5060 1591 5136 (B
1609 5057 1670 5134 10).

340 5163 435 5221 Tituli
457 5163 516 5220 duo
538 5165 659 5224 diversa
681 5167 838 5226 enuntiant
858 5185 955 5242 neque
976 5175 1074 5224 tamen
1097 5165 1258 5234 contraria,
1281 5163 1394 5222 scilieet
1414 5165 1490 5222 alter
1512 5161 1668 5224 Gamalam

337 5265 382 5323 rei
405 5285 433 5340 p.
457 5265 540 5324 lucar
561 5267 714 5326 remisisse
737 5267 790 5342 (ef.
814 5268 993 5328 Steetsrecltt
1014 5265 1064 5342 22,
1091 5267 1138 5328 59.
1163 5267 1227 5344 63),
1250 5267 1326 5325 alter
1349 5286 1415 5324 eum
1439 5265 1506 5343 plus
1528 5266 1559 5324 in
1580 5263 1665 5324 ludos

338 5359 523 5445 impendisse
544 5387 635 5445 quam
657 5378 817 5448 oporteret.
