3596 6040
307 525 380 595 170
901 533 1049 594 nunnus

306 739 375 780 cere.
420 719 583 781 Scribendo
603 728 684 780 recte
704 720 926 796 coniunguntur
945 723 1047 795 siquos
1067 721 1153 795 siqua
1174 719 1273 795 siquid
1296 719 1332 777 13
1351 717 1389 778 25
1406 717 1455 792 27,
1479 719 1639 796 seiungun-

305 829 354 882 tur
375 825 501 900 quodsi
525 824 562 882 16
585 842 639 899 qao
662 826 756 881 minus
780 821 817 880 27
841 841 896 899 quo
919 839 973 898 pao
996 823 1076 878 ruodo
1099 821 1149 880 48.

390 924 496 986 Sermo
522 926 553 982 in
581 925 751 984 universum
779 924 889 1001 planus
912 931 942 982 et
964 935 1064 981 castus
1087 930 1244 1001 astatque
1273 941 1318 995 ea,
1340 942 1431 1000 quem
1453 923 1528 982 iuris
1550 923 1641 998 periti

306 1029 440 1106 exigunt,
463 1029 689 1106 perspicuitate3
712 1036 745 1086 ut
760 1046 850 1086 unum
871 1026 1009 1098 delibem,
1032 1045 1066 1084 ea
1081 1027 1126 1084 die
1141 1045 1199 1102 quo
1214 1028 1260 1085 die
1275 1046 1301 1086 v.
1320 1025 1358 1086 52
1382 1027 1503 1098 adnoto,
1526 1024 1642 1101 quode

307 1149 366 1188 usu
387 1150 483 1208 nuper
511 1131 608 1190 denuo
631 1131 736 1189 moniti
760 1147 874 1189 sumus.
918 1129 966 1188 Ex
994 1147 1051 1188 usu
1072 1127 1285 1188 vocabulorum
1308 1129 1382 1187 haec
1403 1128 1578 1188 adnotanda
1600 1128 1642 1184 vi-

309 1235 425 1306 dentur,
451 1235 603 1292 recurrendi
625 1251 652 1291 v.
669 1234 708 1291 43
731 1233 855 1291 verbum
878 1229 1082 1291 catullianum
1105 1232 1312 1308 repetendique
1327 1230 1365 1289 27
1384 1229 1421 1289 28
1443 1247 1516 1290 usus
1538 1251 1555 1289 e
1578 1231 1644 1289 iure

309 1337 390 1395 civili
412 1343 514 1407 notus;
538 1353 631 1412 equae
652 1335 773 1394 caballis
792 1335 827 1392 17
852 1334 1008 1412 oppositae
1029 1351 1089 1392 non
1111 1333 1196 1408 equis
1218 1332 1369 1408 (vocabuli
1391 1333 1541 1410 peregrini
1565 1342 1644 1391 certe

309 1457 489 1516 quamquam
513 1437 550 1496 ab
568 1436 686 1496 Lucilio
709 1447 738 1496 et
759 1435 888 1496 Horatio
910 1437 941 1494 in
964 1437 1152 1495 sermonibus
1174 1453 1235 1495 non
1256 1437 1349 1512 spreti
1371 1437 1456 1512 origo
1478 1437 1582 1495 nescio
1607 1455 1645 1492 an

308 1541 449 1616 Hispana
469 1541 601 1599 fortasse
622 1540 741 1615 fuerit);
765 1539 907 1598 adverbia
928 1543 1059 1598 ereceatr'
1074 1538 1112 1598 26
1135 1547 1165 1598 et
1186 1539 1385 1598 uniuersaliter
1400 1539 1435 1610 43
1457 1542 1489 1596 ni
1509 1557 1565 1615 pro
1588 1540 1646 1595 nisi

311 1645 350 1704 50
373 1643 514 1720 positum,
543 1651 600 1700 tarn
627 1651 657 1699 et
683 1651 750 1702 tuac
776 1641 815 1700 30
841 1643 1012 1719 promiscue
1038 1649 1183 1718 usurpata
1210 1639 1282 1716 (hoc
1308 1641 1385 1699 euim
1413 1642 1539 1718 postica,
1568 1639 1645 1697 illud

310 1745 409 1805 antica
436 1765 461 1804 v.
486 1744 523 1802 21
551 1743 669 1820 habet);
705 1743 838 1802 tabernae
857 1745 1004 1822 fulloniae
1030 1743 1080 1817 43,
1106 1763 1167 1802 non
1187 1743 1358 1818 fulloniaco,
1392 1763 1460 1802 cum
1485 1751 1648 1817 utrumque

309 1849 399 1907 fuerit
424 1848 454 1906 in
481 1865 552 1919 usu;
581 1848 725 1906 commode
750 1849 895 1923 percipere
921 1845 961 1904 24
988 1854 1018 1905 et
1043 1847 1094 1904 sud
1117 1865 1288 1924 praeconem
1310 1847 1435 1905 subicere
1459 1845 1495 1904 17
1519 1844 1647 1903 locutio-

310 1969 364 2010 nes
386 1951 515 2009 fortasse
536 1949 568 2008 in
588 1950 654 2006 iure
676 1951 758 2008 civili
781 1951 951 2008 sollemnes.

395 2051 554 2111 Vocabula
575 2059 731 2130 praeterea
756 2071 817 2111 non
838 2071 935 2129 pauca
953 2071 1007 2130 pro
1029 2052 1105 2128 legis
1128 2053 1242 2111 ambitu
1261 2069 1320 2110 non
1339 2069 1446 2128 magno
1461 2051 1594 2130 primum
1610 2070 1648 2108 ex

312 2177 348 2216 ea
374 2157 573 2228 innotescunt,
603 2155 713 2214 lauriae
735 2159 934 2230 pittaciarr'um
960 2158 1115 2214 recisamerz
1140 2163 1286 2213 ratramea
1314 2157 1483 2213 accurarier
1510 2157 1648 2212 terrarius

312 2257 493 2317 ubertumbus
515 2257 614 2330 ostile3
638 2277 674 2315 ea
695 2257 774 2316 infra
796 2258 948 2334 explicare
970 2257 1108 2316 conabor.

396 2359 479 2418 Haec
502 2360 602 2418 omnia
623 2360 728 2419 eodem
752 2359 872 2432 ducunt,
895 2378 955 2436 quo
976 2359 1144 2418 litterarum
1169 2360 1297 2418 formam
1319 2360 1428 2418 ducere
1454 2378 1547 2435 supra
1572 2359 1646 2430 dixi,

313 2473 346 2521 ut
368 2463 568 2539 conscriptam
591 2481 658 2520 esse
680 2464 777 2541 legem
793 2463 950 2520 credamus
972 2480 1009 2519 ea
1030 2470 1138 2534 aetate,
1161 2481 1220 2538 qua
1235 2471 1354 2522 vetusta
1376 2462 1493 2520 dicendi
1515 2462 1649 2520 scriben-

315 2566 405 2641 dique
431 2565 616 2623 consuetudo
642 2565 774 2623 nondum
801 2565 889 2641 plene
916 2564 1099 2636 exoleverat,
1132 2583 1212 2623 nova
1238 2564 1369 2623 nondum
1401 2583 1497 2640 usque
1527 2583 1649 2641 quaque

314 2669 413 2726 locum
435 2667 619 2739 obtinuerat;
641 2669 672 2726 id
694 2675 740 2726 est
763 2658 818 2725 s'ub
839 2667 929 2726 finem
952 2667 1063 2726 saeculi
1085 2667 1185 2743 primi.

181 2791 295 2854 Tempus
400 2769 426 2827 E
449 2771 539 2828 rebus
559 2770 591 2828 in
611 2771 679 2844 ipsa
700 2770 766 2846 lege
788 2769 961 2828 memoratis
985 2787 1051 2827 oum
1074 2779 1185 2828 certam
1208 2771 1351 2846 temporis
1374 2770 1578 2829 definitionem
1603 2788 1650 2828 ca·

315 2891 387 2948 pere
412 2891 472 2930 non
499 2871 598 2943 liceat,
624 2879 658 2930 ut
681 2872 762 2930 infra
788 2871 955 2930 videbimus
983 2871 1105 2947 (desunt
1131 2873 1209 2930 enim
1236 2873 1423 2950 praescripta
1448 2873 1524 2951 legis
1551 2891 1651 2948 neque

317 2992 445 3051 usquam
467 2974 531 3032 sive
550 2974 689 3032 consules
713 2974 776 3032 sive
797 2975 993 3050 imperatores
1017 2974 1081 3032 sive
1103 2975 1184 3031 aliud
1199 2975 1361 3050 quidquam
1384 2976 1543 3052 profertur,
1568 2975 1650 3050 quod

317 3077 461 3154 temporis
483 3085 584 3135 notam
607 3077 638 3134 in
661 3095 694 3134 se
717 3076 848 3152 habeat),
876 3075 1056 3134 conveniunt
1082 3083 1183 3134 tamen
1210 3097 1277 3136 cum
1306 3078 1450 3155 temporis
1477 3077 1652 3136 definitione

317 3201 355 3238 ex
376 3181 547 3238 litteratura
568 3187 598 3236 et
619 3197 757 3238 sermone
780 3179 915 3236 derivata
937 3179 1065 3255 quaein
1087 3179 1261 3238 universum
1284 3200 1300 3238 e
1322 3179 1399 3256 legis
1421 3181 1522 3238 verbis
1545 3180 1652 3238 edoce-

317 3301 397 3352 mur3
419 3281 576 3358 inprimis
598 3289 776 3358 procurator
797 3281 984 3340 metallorum
1006 3283 1128 3358 saepius
1150 3283 1321 3341 nominatus
1343 3263 1403 3341 non
1424 3289 1524 3360 potest
1545 3281 1652 3342 referri

318 3383 376 3440 nisi
397 3383 435 3440 ad
457 3383 680 3458 imperatoriam
702 3392 830 3442 aetatem
853 3401 979 3459 eamque
1000 3402 1061 3442 nou
1082 3384 1242 3456 ineuntem,
1265 3385 1316 3443 sed
1338 3385 1398 3442 iam
1420 3385 1650 3461 provectiorem.

319 3485 408 3544 certe
429 3485 508 3544 ultra
529 3485 658 3544 medium
680 3487 743 3544 fere
765 3486 918 3545 saeculum
933 3487 1062 3562 primum
1084 3487 1114 3544 in
1137 3496 1270 3565 tempore
1286 3487 1453 3546 definiendo
1470 3487 1651 3546 adscendere

317 3597 454 3647 vetamur
475 3607 597 3646 munere
619 3589 681 3646 illo.

402 3689 585 3766 Priusquam
608 3692 647 3749 ad
669 3691 788 3768 singula
802 3691 952 3764 accedam,
975 3692 1158 3768 complectar
1173 3711 1250 3768 quae
1266 3693 1303 3751 ad
1319 3694 1411 3750 verba
1434 3693 1510 3750 tituli
1532 3693 1564 3750 in
1589 3695 1653 3752 uni-

319 3810 439 3852 versum
465 3801 543 3852 recte
569 3793 769 3870 intellegenda
795 3795 859 3852 sive
885 3813 924 3852 ex
949 3794 1017 3870 ipso
1043 3795 1097 3852 illo
1124 3795 1187 3853 sive
1213 3794 1332 3854 aliunde
1359 3795 1487 3853 adscisci
1514 3803 1652 3870 possunt,

319 3896 419 3972 Atque
440 3896 568 3973 primum
592 3897 688 3954 dicam
704 3897 748 3954 ‘de
769 3896 888 3954 nomine
911 3904 940 3955 et
962 3897 1137 3956 condicione
1159 3897 1272 3955 metalli
1295 3897 1500 3972 Vipascensis.

175 4023 310 4073 Metallum
402 3998 478 4056 Loci
501 3999 576 4069 eius,
600 3999 637 4057 ad
659 4017 747 4074 quem
769 4000 847 4057 huuc
868 3999 987 4058 titulum
1009 3999 1189 4075 pertinuisse
1212 4019 1251 4057 ex
1272 4000 1339 4076 ipso
1362 4018 1397 4058 eo
1420 4000 1572 4070 discimus,
1600 4019 1652 4058 no-

108 4136 111 4142 .
202 4107 282 4170 Vipa-
319 4120 387 4160 men
409 4101 503 4159 semel
524 4109 639 4158 tantum
654 4102 860 4178 ¹perscriptum
883 4109 930 4160 est
950 4122 978 4160 v.
996 4101 1025 4174 2,
1046 4102 1098 4160 ubi
1114 4103 1186 4177 fiaes
1208 4101 1316 4160 metalli
1332 4102 1516 4178 Vrpasceusr'c
1539 4121 1652 4162 memo·

198 4203 285 4238 ⁵⁰⁰¹¹⁵0
319 4211 434 4261 rantur.
478 4202 613 4261 Eandem
633 4203 691 4261 loci
708 4204 943 4280 designationem
959 4223 1025 4262 cum
1045 4204 1255 4280 probabilitate
1274 4205 1321 4262 bis
1336 4213 1491 4280 praeterea
1511 4205 1653 4282 supplere

319 4305 390 4363 licet
411 4323 439 4362 v.
463 4303 503 4361 46
527 4305 575 4364 58.
621 4301 722 4364 Semel
747 4315 904 4382 praeterea
928 4307 1118 4366 nominantur
1134 4309 1208 4383 fiaes
1230 4307 1409 4365 metallorum
1429 4327 1458 4366 v.
1481 4307 1531 4379 51,
1559 4307 1655 4366 semel

319 4427 348 4466 v.
373 4407 419 4464 10-
437 4410 515 4465 r'otre
534 4407 608 4482 fiaes
636 4408 777 4483 scripturn
804 4417 851 4467 est
877 4429 938 4468 non
965 4409 1067 4468 addito
1100 4409 1212 4467 metalli
1240 4410 1467 4468 metallorumve
1494 4410 1652 4468 vocabulo.

321 4508 397 4569 Cum
424 4509 535 4567 finibus
564 4512 771 4586 componenda
798 4512 864 4570 sine
886 4511 976 4570 dubio
999 4515 1143 4571 territoria
1165 4515 1225 4570 eius
1251 4533 1279 4570 v.
1304 4512 1358 4584 383
1393 4512 1473 4588 quod
1499 4521 1654 4588 praeterea

320 4613 362 4670 ibi
384 4611 591 4688 supplevimus
619 4615 650 4669 e'a
671 4612 745 4688 o[c'co
769 4613 878 4672 metalli
895 4614 1079 4690 Vipasceaer'c
1102 4614 1207 4689 eiusce]
1235 4617 1375 4673 territoria
1402 4615 1568 4690 probabile,
1595 4633 1653 4672 non

321 4723 433 4774 eertum
457 4722 512 4772 est.
556 4715 632 4772 Loci
653 4716 833 4773 nomenhic
854 4717 982 4792 primum
1007 4724 1174 4792 comparet;
1196 4717 1290 4786 vicuS,
1314 4698 1411 4794 siquis
1433 4717 1500 4788 fuit,
1522 4715 1655 4793 Vipasca

320 4817 450 4876 fortasse
472 4824 523 4875 aut
545 4815 710 4892 Vipasoum
732 4817 830 4876 dictus
853 4819 976 4876 metallo
994 4818 1174 4896 Vipascensi
1197 4837 1307 4877 nomen
1328 4819 1418 4877 dedit.
1462 4819 1542 4876 Nam
1565 4839 1583 4876 a
1602 4819 1655 4875 Vi·

321 4921 407 4996 pasci
429 4919 652 4994 VipascitanuS,
682 4939 700 4976 a
722 4916 894 4996 Vipasdone
917 4920 1155 4997 Vipasconensis
1181 4921 1283 4996 potius
1307 4921 1500 4980 derivandum
1523 4930 1587 4978 erat
1609 4939 1654 4978 se·

324 5021 451 5078 cundum
475 5021 617 5079 similium
638 5021 792 5080 nominum
820 5023 852 5080 in
873 5022 1031 5100 Hispaniis
1060 5023 1230 5082 flexionem.
1275 5022 1395 5080 Variari
1418 5031 1517 5082 autem
1538 5023 1655 5081 videtur

323 5122 400 5180 inter
422 5124 535 5180 metalli
557 5123 805 5201 metallorumque
828 5125 1062 5202 designationem
1069 5147 1077 5197 ;
1105 5126 1245 5202 idemque
1273 5127 1305 5184 in
1325 5126 1413 5184 huius
1437 5125 1576 5184 vocabuli
1598 5141 1654 5182 usu

324 5231 385 5282 tam
401 5222 518 5284 Graeco
541 5245 632 5303 quam
647 5225 757 5286 Latino
779 5228 859 5303 apud
882 5229 1041 5304 scriptores
1057 5245 1177 5305 quoque
1192 5230 1376 5288 observatur.
1422 5226 1544 5290 Scilicet
1564 5245 1654 5286 unum
