3596 6040
356 641 428 709 114
786 657 1060 708 nuurrnmuu'rn
1089 657 1171 707 von.
1192 657 1246 706 vn

351 832 477 907 prolatis
499 831 530 890 in
551 831 609 888 hoc
631 831 727 908 primo
743 830 904 888 voluminis
926 830 1045 906 septimi
1067 829 1274 906 supplemento
1295 831 1445 888 coniunxi.
1479 830 1595 887 Viliora
1612 848 1684 904 quo-

351 951 424 1007 que,
447 951 524 1009 quae
547 933 617 990 alibi
641 932 772 992 solemus
796 931 961 1001 secludere,
985 931 1166 1008 sepulcralia
1186 931 1377 989 instrumenti
1399 931 1503 988 titulos
1526 931 1598 1002 alia,
1622 931 1685 988 exi-

353 1035 473 1093 stimavi
502 1035 602 1093 statim
628 1034 823 1111 proponenda
848 1051 914 1091 esse
936 1052 1003 1091 cum
1025 1033 1158 1109 reliquis.
1201 1033 1263 1093 Ubi
1290 1034 1366 1091 enim
1393 1032 1595 1108 infrequentes
1619 1039 1687 1090 sunt

352 1136 430 1194 tituli
452 1136 536 1194 utin
559 1136 709 1212 plerisque
732 1135 907 1194 Britanniae
928 1135 1110 1211 regionibus,
1139 1135 1213 1193 illud
1241 1135 1338 1212 ipsum
1361 1135 1442 1210 quod
1463 1135 1585 1193 omnino
1608 1135 1687 1192 tituli

353 1239 487 1296 cuiusvis
514 1239 679 1316 argumenti
699 1238 865 1315 prodierint
887 1256 977 1312 saepe
999 1256 1059 1294 non
1082 1237 1157 1295 levis
1181 1237 1321 1296 momenti
1343 1255 1411 1295 esse
1434 1237 1472 1294 ad
1493 1237 1686 1312 quaestiones

353 1341 548 1418 gravissimas
579 1341 738 1398 solvendas
768 1358 828 1398 non
855 1339 995 1416 ignorant
1023 1339 1175 1397 doctrinae
1202 1339 1411 1415 epigraphicae
1438 1339 1536 1415 periti.
1587 1337 1686 1396 Omisi
1788 1331 1789 1392 i

351 1451 466 1500 tantum
489 1442 679 1500 vasculorum
707 1441 821 1517 aliquot
842 1441 945 1524 titulos
967 1439 1109 1498 Londinii
1131 1448 1161 1498 et
1182 1441 1213 1497 in
1234 1441 1357 1510 vicinia,
1384 1441 1457 1499 item
1478 1440 1570 1498 Isurii
1593 1458 1687 1515 nuper
1788 1461 1789 1510 ,

352 1551 467 1614 erutos3
495 1543 524 1600 id
552 1543 629 1600 enim
657 1561 752 1620 genus
778 1543 959 1619 peculiarem
988 1543 1119 1617 postulat
1146 1542 1400 1614 retractationem,
1433 1561 1509 1617 quae
1537 1549 1609 1618 post
1637 1560 1685 1598 vo·
1788 1545 1789 1572 ³

351 1645 466 1702 lumina
497 1645 632 1722 syllegae
661 1644 796 1704 Gallicae
824 1654 853 1702 et
880 1643 1074 1704 Germanicae
1103 1644 1184 1702 edita
1211 1645 1323 1703 maiore
1349 1663 1415 1702 cum
1441 1645 1540 1702 fructu
1567 1643 1686 1700 institui

353 1748 471 1822 poterit.

353 2007 402 2064 Ad
426 2026 453 2064 n.
470 2005 495 2064 1.
540 2007 644 2066 Edidit
670 2007 756 2066 etiam
787 2007 937 2067 Gilbert
964 2026 1064 2083 sarnay
1091 2011 1125 2084 os
1151 2007 1296 2066 Corawull
1324 2027 1351 2082 p.
1378 2007 1450 2077 199,
1485 2007 1538 2064 sed
1565 2017 1687 2065 secutus
1788 2037 1789 2044 1

392 2095 577 2168 Borlasium.

352 2370 401 2427 Ad
424 2387 452 2426 n.
469 2369 519 2427 12.
565 2369 649 2428 Haec
672 2371 810 2428 videntur
832 2379 945 2430 tantum
969 2372 998 2428 in
1021 2372 1121 2448 lapide
1142 2371 1234 2430 fuisse

1011 2627 1198 2670 neroni

894 2729 1056 2771 cuavmo
1085 2734 1099 2765 a
1127 2729 1201 2771 mvr

1034 2831 1199 2872 ernau

1015 2932 1102 2974 eron
1137 2937 1151 2967 a
1182 2932 1200 2971 r

774 3038 785 3074 a
966 3033 1121 3074 nonsrorr
1149 3034 1201 3074 mv

897 3139 911 3169 ω
945 3135 1070 3177 causam
1101 3149 1108 3163 ·
1139 3135 1201 3177 avc

803 3219 1243 3278 uaeffi·1ne·ffi1·cose1v

898 3337 913 3379 s
947 3351 954 3364 ·
988 3337 1007 3379 c
1040 3351 1047 3364 ·
1080 3337 1102 3378 v
1135 3351 1141 3366 ·
1175 3339 1200 3379 n

393 3579 524 3654 Reliqua
539 3576 651 3655 Gough
670 3588 721 3637 aut
739 3579 804 3636 eius
820 3579 933 3636 amicus
950 3579 1172 3656 suppleverunt.
1210 3578 1293 3638 Haec
1308 3579 1350 3637 ita
1368 3597 1434 3638 esse
1450 3579 1497 3638 W.
1513 3580 1570 3638 Th.
1590 3581 1682 3639 Wat-

354 3681 417 3739 kin
439 3680 619 3753 observavit,
641 3681 770 3740 fortasse
792 3688 879 3739 recte.

352 3941 397 4000 5³
421 3943 492 4018 (ins.
516 3950 586 4018 post
614 3963 643 4000 n.
665 3942 728 4017 35).
777 3941 988 4020 Sarcophagns
1015 3961 1200 4000 marmoreus
1229 3963 1292 4020 rep.
1321 3963 1347 4002 a.
1379 3943 1456 4002 1867
1484 3944 1514 4000 in
1546 3941 1681 4020 Claptoa.

394 4043 539 4122 Superest
561 4062 667 4104 versus
690 4045 770 4102 tituli
793 4045 914 4103 ultimus
937 4045 1019 4104 solus

928 4283 1102 4326 manmmvs

344 4513 345 4516 ¹
394 4489 495 4548 Price
518 4492 706 4548 mansuetioris
733 4491 767 4562 of
791 4491 835 4547 tle
856 4489 979 4548 Londoa
1005 4492 1067 4547 aad
1092 4489 1255 4546 Middleseu
1280 4488 1512 4564 urclueoloqioal
1537 4493 1639 4566 society
1663 4489 1679 4544 3

352 4611 380 4668 p.
402 4591 458 4649 196
483 4591 565 4668 (inde
589 4591 638 4650 W.
662 4590 719 4648 Th.
743 4591 883 4648 Watkin
905 4593 1047 4649 urclueol.
1064 4591 1164 4664 journ.
1188 4591 1238 4661 31,
1263 4591 1342 4648 1874
1364 4610 1393 4666 p.
1411 4589 1494 4666 352).

352 4799 401 4856 Ad
422 4821 450 4857 n.
468 4798 523 4858 63.
568 4801 668 4876 Prope
684 4801 788 4875 Aquas
811 4811 959 4878 repertum
981 4819 1047 4860 esse
1070 4801 1241 4877 aliquando,
1265 4799 1319 4859 sed
1342 4799 1465 4875 periisse
1486 4807 1593 4874 postea
1612 4801 1681 4858 titu-

393 4901 464 4974 lum,
486 4903 518 4960 in
540 4921 599 4977 quo
621 4921 731 4960 nomen

874 5041 939 5098 alac
961 5039 1166 5098 Proculeianue

394 5209 534 5268 distincte
561 5211 703 5286 scriptum
729 5212 852 5284 fuisset,
882 5233 919 5270 ex
946 5213 1126 5271 indicatione
1154 5211 1283 5288 quadam
1311 5230 1400 5270 manu
1427 5211 1540 5288 scripta
1568 5210 1679 5269 rettulit

394 5311 443 5370 W.
467 5311 525 5370 Th.
548 5311 699 5371 Watkin.
