3596 6040
322 562 370 632 84
572 579 758 634 uouusuv
785 579 1090 632 oasuuvmrorvus
1117 579 1404 630 urransrurcsu.

323 753 437 810 curiam
458 753 663 829 perveniretur
684 753 979 828 adsciscerentnrque
1001 759 1155 826 praeterea
1178 752 1353 811 decuriones
1376 753 1502 827 pedanei
1524 771 1658 828 quoque,

324 855 354 912 id
376 864 422 912 est
445 872 504 912 non
527 874 566 914 ex
581 856 694 912 honore
710 864 805 930 gesto,
829 855 882 913 sed
905 874 942 912 ex
965 853 1092 912 lectione
1113 853 1193 910 facti.
1239 851 1298 914 Sed
1314 853 1351 910 ad
1373 855 1473 929 ipsam
1488 853 1657 912 Romanam

324 957 437 1016 curiam
462 957 542 1031 quod
574 957 688 1026 attinet,
722 957 786 1014 fieri
820 965 929 1033 potest,
963 964 995 1014 ut
1027 955 1096 1013 talis
1128 951 1190 1012 fere
1222 956 1265 1014 ibi
1299 955 1449 1014 ordinatio
1483 956 1657 1025 obtinuerit,

323 1058 441 1133 qualem
463 1059 493 1114 in
518 1057 621 1114 Africa
643 1057 808 1116 obtinuisse
834 1059 894 1116 iam
920 1065 1011 1135 patet,
1041 1056 1153 1114 scilicet
1175 1061 1259 1114 utin
1282 1067 1389 1116 senatu
1411 1065 1531 1132 praeter
1553 1076 1656 1115 sacer-

325 1161 410 1218 dotes
433 1160 687 1236 magistratusque
715 1179 773 1216 non
800 1167 902 1218 essent
928 1159 987 1216 nisi
1010 1159 1194 1216 consulares.
1238 1157 1318 1216 Nam
1340 1167 1494 1235 praetores
1516 1168 1659 1234 quaesto·

323 1279 433 1336 resque
455 1261 506 1336 qui
529 1261 705 1319 creabantur
727 1269 889 1336 potuerunt
910 1251 967 1317 aut
982 1269 1068 1318 extra
1089 1261 1201 1318 curiam
1223 1261 1254 1317 in
1277 1260 1452 1318 clarissimis
1469 1279 1589 1318 manere
1604 1271 1660 1318 aut

324 1381 471 1420 unacum
491 1364 669 1438 magistratu
690 1363 845 1421 codicillos
868 1361 1001 1438 accipere
1023 1361 1255 1420 consularitatis.
1300 1361 1388 1435 Quod
1409 1363 1445 1420 de
1467 1363 1658 1437 praetoribus

325 1465 518 1522 confirmatur
546 1465 766 1539 quodammodo
793 1464 921 1522 Polemii
947 1464 1091 1521 laterculo
1118 1463 1156 1520 ad
1177 1464 1240 1521 Ian.
1259 1463 1276 1520 9
1299 1462 1348 1536 (Ο.
1371 1465 1396 1521 I.
1419 1463 1453 1521 L.
1478 1465 1493 1521 I
1516 1485 1544 1540 p.
1563 1463 1654 1538 335):

325 1566 435 1640 suffecti
457 1567 585 1624 consules
608 1568 792 1641 designantur
814 1570 873 1624 aive
893 1577 1050 1640 praetores.
1094 1566 1234 1640 Deanue
1255 1567 1286 1623 in
1310 1575 1446 1624 senatum
1462 1568 1514 1640 qui
1536 1566 1658 1642 adlege-

280 1742 285 1746 .
324 1669 442 1737 bantur,
471 1686 506 1725 eo
534 1677 668 1742 tempore
695 1668 833 1725 videntur
860 1668 968 1726 adlecti
996 1686 1063 1726 esse
1089 1668 1165 1724 inter
1192 1667 1365 1726 consulares
1393 1686 1496 1725 omues
1525 1666 1574 1742 (O.
1598 1667 1657 1725 Th.

326 1769 353 1841 6,
371 1767 434 1837 Μ
457 1769 558 1844 ibique
582 1767 811 1845 Gothofredus).
854 1771 897 1827 At
919 1769 1122 1826 dlfficillimam
1151 1770 1356 1845 quaestionem
1386 1770 1422 1826 de
1449 1779 1570 1826 senatus
1593 1769 1658 1826 Ro-

325 1871 403 1929 mani
430 1870 519 1928 huius
542 1871 654 1929 saeculi
676 1871 888 1929 constitutione
914 1871 961 1928 his
984 1871 1058 1928 meis
1082 1870 1316 1930 dubitationibus
1337 1890 1398 1929 non
1421 1872 1539 1929 solvere
1561 1871 1656 1942 volui,

325 1973 375 2030 sed
400 1973 467 2030 eills
490 1973 697 2030 commendare
721 1973 906 2031 solvendam.

409 2073 571 2131 Numerum
594 2074 787 2132 decurionum
811 2075 920 2145 album,
951 2075 977 2132 si
1004 2083 1084 2132 recte
1112 2075 1142 2131 id
1163 2074 1378 2146 intelleximus
1405 2085 1516 2132 certum
1539 2075 1657 2132 nullum

324 2177 437 2248 habuit,
466 2176 519 2234 sed
541 2176 716 2252 pendentem
741 2197 779 2234 ex
802 2195 925 2234 numero
953 2176 1150 2234 duoviralium
1178 2177 1230 2251 qui
1259 2177 1438 2234 adviverent.
1488 2175 1658 2234 Nominan-

324 2287 374 2336 tur
410 2279 439 2335 in
474 2278 543 2336 albo
577 2278 712 2336 homines
733 2277 858 2336 LXXII
891 2288 1047 2336 numerato
1082 2297 1117 2336 eo
1152 2279 1200 2335 cui
1234 2286 1334 2336 statua
1367 2277 1528 2335 dedicatur.
1580 2276 1658 2336 Sunt

325 2398 428 2438 esseve
455 2380 563 2437 debent
590 2380 621 2436 in
648 2381 751 2438 ordine
779 2381 947 2439 sacerdotes
970 2379 1091 2437 XLVII
1114 2379 1332 2454 (sacerdotales
1359 2380 1402 2448 ΙΙ,
1431 2379 1566 2437 flamines
1590 2399 1656 2454 per·
1710 2451 1717 2468 ι

324 2482 405 2556 petui
428 2481 593 2552 XXXVII,
620 2482 775 2558 pontifices
798 2482 874 2553 IIII,
898 2500 1025 2558 augures
1047 2481 1138 2556 IIII),
1168 2483 1362 2558 magistratus
1385 2481 1447 2538 VII
1475 2481 1610 2556 (curator
1630 2482 1656 2552 I,

324 2583 357 2640 II
380 2583 435 2639 viri
456 2584 499 2655 ΙΙ,
530 2584 643 2642 aediles
665 2583 707 2654 ΙΙ,
734 2591 909 2658 quaestores
936 2583 991 2658 II),
1020 2585 1073 2641 sed
1099 2595 1131 2640 ut
1153 2585 1274 2658 quidam
1301 2592 1330 2640 et
1356 2585 1432 2642 inter
1459 2583 1656 2659 magistratus

326 2697 355 2742 et
376 2684 454 2742 inter
477 2685 646 2742 sacerdotes
669 2685 858 2742 nominentur
881 2685 1056 2760 deficietque
1079 2705 1117 2742 ex
1140 2686 1352 2760 quaestoribus
1375 2687 1459 2743 alter.
1500 2685 1657 2743 Accedunt

325 2786 512 2844 duoviralicii
535 2785 607 2858 XII,
631 2787 756 2862 denique
778 2788 896 2862 patroni
918 2787 1008 2844 XIII.

720 2921 722 2925 ·
1359 2889 1417 2948 ΤΗ.
1440 2890 1610 2948 Mouusnn.

751 4242 867 4300 Prodiit
888 4243 914 4300 d.
939 4241 977 4299 22
999 4244 1115 4318 Aprilis
1141 4243 1230 4302 1876.

1197 5201 1292 5208 ...n-—

745 5248 847 5297 Formis
866 5246 1030 5297 Academicis
1051 5247 1097 5308 (G.
1120 5247 1226 5312 Vogt).
