<?xml version="1.0" encoding="UTF-8"?>
<!DOCTYPE html PUBLIC "-//W3C//DTD XHTML 1.0 Transitional//EN"
    "http://www.w3.org/TR/xhtml1/DTD/xhtml1-transitional.dtd">
<html xmlns="http://www.w3.org/1999/xhtml" xml:lang="en" lang="en">
 <head>
  <title>
</title>
<meta http-equiv="Content-Type" content="text/html;charset=utf-8" />
  <meta name='ocr-system' content='tesseract 3.04.00' />
  <meta name='ocr-capabilities' content='ocr_page ocr_carea ocr_par ocr_line ocrx_word'/>
</head>
<body>
  <div class='ocr_page' id='page_1' title='image "./ephemerisepigra13instgoog_0029.png"; bbox 0 0 3632 6040; ppageno 0'>
   <div class='ocr_carea' id='block_1_1' title="bbox 339 621 1113 692">
    <p class='ocr_par' dir='ltr' id='par_1_1' title="bbox 339 621 1113 692">
     <span class='ocr_line' id='line_1_1' title="bbox 339 621 1113 692; baseline -0.004 -2"><span class='ocrx_word' id='word_1_1' title='bbox 339 621 387 692; x_wconf 75' lang='lat'>20</span> <span class='ocrx_word' id='word_1_2' title='bbox 893 637 1113 688; x_wconf 78' lang='lat' dir='ltr'>noanneane</span> 
     </span>
    </p>
   </div>
   <div class='ocr_carea' id='block_1_2' title="bbox 335 809 1673 4575">
    <p class='ocr_par' dir='ltr' id='par_1_2' title="bbox 335 809 1673 4575">
     <span class='ocr_line' id='line_1_2' title="bbox 422 809 1671 888; baseline -0.002 -18"><span class='ocrx_word' id='word_1_3' title='bbox 422 812 479 870; x_wconf 90' lang='lat' dir='ltr'>His</span> <span class='ocrx_word' id='word_1_4' title='bbox 502 811 677 888; x_wconf 81' lang='lat' dir='ltr'>praemissis</span> <span class='ocrx_word' id='word_1_5' title='bbox 707 812 743 870; x_wconf 89' lang='lat' dir='ltr'>de</span> <span class='ocrx_word' id='word_1_6' title='bbox 771 811 946 869; x_wconf 87' lang='lat' dir='ltr'>auctoribus</span> <span class='ocrx_word' id='word_1_7' title='bbox 976 810 1133 869; x_wconf 92' lang='lat' dir='ltr'>dicendum</span> <span class='ocrx_word' id='word_1_8' title='bbox 1160 811 1220 869; x_wconf 91' lang='lat' dir='ltr'>iam</span> <span class='ocrx_word' id='word_1_9' title='bbox 1247 819 1294 868; x_wconf 90' lang='lat' dir='ltr'>est</span> <span class='ocrx_word' id='word_1_10' title='bbox 1321 809 1357 869; x_wconf 91' lang='lat' dir='ltr'>de</span> <span class='ocrx_word' id='word_1_11' title='bbox 1380 810 1506 886; x_wconf 82' lang='lat' dir='ltr'>singulis</span> <span class='ocrx_word' id='word_1_12' title='bbox 1529 811 1671 886; x_wconf 84' lang='lat' dir='ltr'>deinceps</span> 
     </span>
     <span class='ocr_line' id='line_1_3' title="bbox 337 912 1672 992; baseline 0 -20"><span class='ocrx_word' id='word_1_13' title='bbox 337 915 473 992; x_wconf 89' lang='lat' dir='ltr'>partibus</span> <span class='ocrx_word' id='word_1_14' title='bbox 497 915 682 973; x_wconf 81' lang='lat' dir='ltr'>collectionis</span> <span class='ocrx_word' id='word_1_15' title='bbox 711 914 747 972; x_wconf 89' lang='lat' dir='ltr'>ab</span> <span class='ocrx_word' id='word_1_16' title='bbox 773 914 905 990; x_wconf 82' lang='lat' dir='ltr'>Antiquo</span> <span class='ocrx_word' id='word_1_17' title='bbox 933 914 1100 972; x_wconf 86' lang='lat' dir='ltr'>confectae:</span> <span class='ocrx_word' id='word_1_18' title='bbox 1129 912 1295 988; x_wconf 91' lang='lat' dir='ltr'>dequibus</span> <span class='ocrx_word' id='word_1_19' title='bbox 1318 931 1386 971; x_wconf 92' lang='lat' dir='ltr'>cum</span> <span class='ocrx_word' id='word_1_20' title='bbox 1409 913 1672 989; x_wconf 81' lang='lat' dir='ltr'>disputaverimus,</span> 
     </span>
     <span class='ocr_line' id='line_1_4' title="bbox 337 1015 1672 1094; baseline -0.001 -20"><span class='ocrx_word' id='word_1_21' title='bbox 337 1017 474 1075; x_wconf 89' lang='lat' dir='ltr'>dabimus</span> <span class='ocrx_word' id='word_1_22' title='bbox 508 1017 626 1075; x_wconf 88' lang='lat' dir='ltr'>tabulas</span> <span class='ocrx_word' id='word_1_23' title='bbox 653 1025 748 1075; x_wconf 91' lang='lat' dir='ltr'>totum</span> <span class='ocrx_word' id='word_1_24' title='bbox 782 1036 857 1094; x_wconf 90' lang='lat' dir='ltr'>opus</span> <span class='ocrx_word' id='word_1_25' title='bbox 887 1024 1031 1092; x_wconf 87' lang='lat' dir='ltr'>quantum</span> <span class='ocrx_word' id='word_1_26' title='bbox 1058 1015 1123 1074; x_wconf 90' lang='lat' dir='ltr'>fieri</span> <span class='ocrx_word' id='word_1_27' title='bbox 1151 1023 1251 1091; x_wconf 89' lang='lat' dir='ltr'>potest</span> <span class='ocrx_word' id='word_1_28' title='bbox 1277 1023 1547 1092; x_wconf 84' lang='lat' dir='ltr'>repraesentantes.</span> <span class='ocrx_word' id='word_1_29' title='bbox 1591 1015 1672 1074; x_wconf 90' lang='lat' dir='ltr'>Tota</span> 
     </span>
     <span class='ocr_line' id='line_1_5' title="bbox 338 1117 1671 1196; baseline -0.002 -19"><span class='ocrx_word' id='word_1_30' title='bbox 338 1119 474 1178; x_wconf 90' lang='lat' dir='ltr'>collectio</span> <span class='ocrx_word' id='word_1_31' title='bbox 501 1121 532 1178; x_wconf 91' lang='lat' dir='ltr'>in</span> <span class='ocrx_word' id='word_1_32' title='bbox 562 1119 636 1178; x_wconf 90' lang='lat' dir='ltr'>duas</span> <span class='ocrx_word' id='word_1_33' title='bbox 664 1130 765 1195; x_wconf 88' lang='lat' dir='ltr'>partes</span> <span class='ocrx_word' id='word_1_34' title='bbox 796 1119 946 1190; x_wconf 89' lang='lat' dir='ltr'>dividitur,</span> <span class='ocrx_word' id='word_1_35' title='bbox 975 1137 1100 1196; x_wconf 88' lang='lat' dir='ltr'>quarum</span> <span class='ocrx_word' id='word_1_36' title='bbox 1127 1119 1201 1176; x_wconf 88' lang='lat' dir='ltr'>fines</span> <span class='ocrx_word' id='word_1_37' title='bbox 1223 1117 1254 1175; x_wconf 91' lang='lat' dir='ltr'>in</span> <span class='ocrx_word' id='word_1_38' title='bbox 1276 1117 1422 1196; x_wconf 86' lang='lat' dir='ltr'>exemplis</span> <span class='ocrx_word' id='word_1_39' title='bbox 1444 1118 1532 1176; x_wconf 90' lang='lat' dir='ltr'>nobis</span> <span class='ocrx_word' id='word_1_40' title='bbox 1554 1117 1671 1176; x_wconf 90' lang='lat' dir='ltr'>traditis</span> 
     </span>
     <span class='ocr_line' id='line_1_6' title="bbox 338 1219 1671 1299; baseline -0.003 -17"><span class='ocrx_word' id='word_1_41' title='bbox 338 1223 414 1282; x_wconf 88' lang='lat' dir='ltr'>satis</span> <span class='ocrx_word' id='word_1_42' title='bbox 442 1223 522 1280; x_wconf 90' lang='lat' dir='ltr'>clare</span> <span class='ocrx_word' id='word_1_43' title='bbox 550 1230 725 1280; x_wconf 90' lang='lat' dir='ltr'>cernuntur:</span> <span class='ocrx_word' id='word_1_44' title='bbox 754 1221 850 1279; x_wconf 89' lang='lat' dir='ltr'>altera</span> <span class='ocrx_word' id='word_1_45' title='bbox 871 1221 1078 1299; x_wconf 83' lang='lat' dir='ltr'>complectitur</span> <span class='ocrx_word' id='word_1_46' title='bbox 1100 1219 1204 1278; x_wconf 86' lang='lat' dir='ltr'>titulos</span> <span class='ocrx_word' id='word_1_47' title='bbox 1226 1221 1399 1295; x_wconf 86' lang='lat' dir='ltr'>provinciae</span> <span class='ocrx_word' id='word_1_48' title='bbox 1424 1220 1671 1292; x_wconf 89' lang='lat' dir='ltr'>Tarraconensis,</span> 
     </span>
     <span class='ocr_line' id='line_1_7' title="bbox 337 1320 1671 1400; baseline -0.001 -18"><span class='ocrx_word' id='word_1_49' title='bbox 337 1324 433 1384; x_wconf 90' lang='lat' dir='ltr'>altera</span> <span class='ocrx_word' id='word_1_50' title='bbox 455 1324 596 1382; x_wconf 88' lang='lat' dir='ltr'>Baeticos</span> <span class='ocrx_word' id='word_1_51' title='bbox 620 1343 687 1382; x_wconf 90' lang='lat' dir='ltr'>cum</span> <span class='ocrx_word' id='word_1_52' title='bbox 711 1325 816 1399; x_wconf 88' lang='lat' dir='ltr'>paucis</span> <span class='ocrx_word' id='word_1_53' title='bbox 839 1343 855 1381; x_wconf 91' lang='lat' dir='ltr'>e</span> <span class='ocrx_word' id='word_1_54' title='bbox 876 1323 1034 1382; x_wconf 88' lang='lat' dir='ltr'>Lusitania</span> <span class='ocrx_word' id='word_1_55' title='bbox 1061 1331 1091 1381; x_wconf 90' lang='grc'>61</span> <span class='ocrx_word' id='word_1_56' title='bbox 1114 1320 1272 1383; x_wconf 82' lang='lat' dir='ltr'>Gallaecia</span> <span class='ocrx_word' id='word_1_57' title='bbox 1300 1322 1444 1382; x_wconf 87' lang='lat' dir='ltr'>oriundis.</span> <span class='ocrx_word' id='word_1_58' title='bbox 1489 1323 1578 1382; x_wconf 90' lang='lat' dir='ltr'>Prior</span> <span class='ocrx_word' id='word_1_59' title='bbox 1597 1341 1671 1400; x_wconf 90' lang='lat' dir='ltr'>pars</span> 
     </span>
     <span class='ocr_line' id='line_1_8' title="bbox 337 1421 1672 1504; baseline -0.001 -20"><span class='ocrx_word' id='word_1_60' title='bbox 337 1434 438 1485; x_wconf 86' lang='lat' dir='ltr'>exstat</span> <span class='ocrx_word' id='word_1_61' title='bbox 460 1427 540 1503; x_wconf 91' lang='lat' dir='ltr'>apud</span> <span class='ocrx_word' id='word_1_62' title='bbox 562 1427 778 1504; x_wconf 84' lang='lat' dir='ltr'>Peutingerum</span> <span class='ocrx_word' id='word_1_63' title='bbox 800 1425 820 1484; x_wconf 91' lang='grc'>1.</span> <span class='ocrx_word' id='word_1_64' title='bbox 836 1421 987 1498; x_wconf 80' lang='grc'>50’-54’;</span> <span class='ocrx_word' id='word_1_65' title='bbox 1012 1423 1117 1486; x_wconf 86' lang='lat' dir='ltr'>Sanut.</span> <span class='ocrx_word' id='word_1_66' title='bbox 1140 1425 1160 1482; x_wconf 89' lang='grc'>1.</span> <span class='ocrx_word' id='word_1_67' title='bbox 1179 1423 1359 1496; x_wconf 75' lang='lat' dir='ltr'>tet-3033</span> <span class='ocrx_word' id='word_1_68' title='bbox 1382 1427 1412 1483; x_wconf 93' lang='lat' dir='ltr'>in</span> <span class='ocrx_word' id='word_1_69' title='bbox 1433 1425 1510 1484; x_wconf 91' lang='lat' dir='ltr'>libro</span> <span class='ocrx_word' id='word_1_70' title='bbox 1531 1424 1672 1485; x_wconf 87' lang='lat' dir='ltr'>Filonar-</span> 
     </span>
     <span class='ocr_line' id='line_1_9' title="bbox 338 1528 1672 1604; baseline -0.001 -18"><span class='ocrx_word' id='word_1_71' title='bbox 338 1528 427 1587; x_wconf 87' lang='lat' dir='ltr'>diano</span> <span class='ocrx_word' id='word_1_72' title='bbox 449 1529 471 1588; x_wconf 88' lang='lat' dir='ltr'>f.</span> <span class='ocrx_word' id='word_1_73' title='bbox 488 1529 611 1588; x_wconf 87' lang='grc'><strong>31-44</strong></span> <span class='ocrx_word' id='word_1_74' title='bbox 634 1531 676 1587; x_wconf 91' lang='grc'>116</span> <span class='ocrx_word' id='word_1_75' title='bbox 698 1540 731 1586; x_wconf 89' lang='grc'>11</span> <span class='ocrx_word' id='word_1_76' title='bbox 752 1530 839 1588; x_wconf 88' lang='lat' dir='ltr'>finem</span> <span class='ocrx_word' id='word_1_77' title='bbox 863 1529 927 1587; x_wconf 87' lang='lat' dir='ltr'>eius</span> <span class='ocrx_word' id='word_1_78' title='bbox 951 1528 1045 1586; x_wconf 90' lang='lat' dir='ltr'>altera</span> <span class='ocrx_word' id='word_1_79' title='bbox 1067 1545 1138 1604; x_wconf 91' lang='lat' dir='ltr'>pars</span> <span class='ocrx_word' id='word_1_80' title='bbox 1161 1546 1221 1586; x_wconf 92' lang='lat' dir='ltr'>non</span> <span class='ocrx_word' id='word_1_81' title='bbox 1244 1528 1345 1586; x_wconf 89' lang='lat' dir='ltr'>statim</span> <span class='ocrx_word' id='word_1_82' title='bbox 1369 1538 1522 1604; x_wconf 88' lang='lat' dir='ltr'>sequatur,</span> <span class='ocrx_word' id='word_1_83' title='bbox 1551 1528 1605 1587; x_wconf 91' lang='lat' dir='ltr'>sed</span> <span class='ocrx_word' id='word_1_84' title='bbox 1627 1532 1672 1585; x_wconf 93' lang='lat' dir='ltr'>in-</span> 
     </span>
     <span class='ocr_line' id='line_1_10' title="bbox 336 1626 1672 1707; baseline 0 -19"><span class='ocrx_word' id='word_1_85' title='bbox 336 1631 491 1706; x_wconf 88' lang='lat' dir='ltr'>terpositis</span> <span class='ocrx_word' id='word_1_86' title='bbox 513 1631 621 1691; x_wconf 89' lang='lat' dir='ltr'>alienis</span> <span class='ocrx_word' id='word_1_87' title='bbox 644 1632 761 1690; x_wconf 91' lang='lat' dir='ltr'>demum</span> <span class='ocrx_word' id='word_1_88' title='bbox 784 1631 805 1688; x_wconf 88' lang='grc'>1.</span> <span class='ocrx_word' id='word_1_89' title='bbox 822 1626 869 1690; x_wconf 80' lang='lat'>78‘</span> <span class='ocrx_word' id='word_1_90' title='bbox 885 1649 986 1707; x_wconf 83' lang='lat' dir='ltr'>seqq:</span> <span class='ocrx_word' id='word_1_91' title='bbox 1010 1627 1127 1690; x_wconf 83' lang='lat' dir='ltr'>Siederi</span> <span class='ocrx_word' id='word_1_92' title='bbox 1148 1630 1255 1689; x_wconf 87' lang='lat' dir='ltr'>deinde</span> <span class='ocrx_word' id='word_1_93' title='bbox 1271 1630 1366 1690; x_wconf 84' lang='lat' dir='ltr'>codex</span> <span class='ocrx_word' id='word_1_94' title='bbox 1382 1649 1448 1689; x_wconf 90' lang='lat' dir='ltr'>cum</span> <span class='ocrx_word' id='word_1_95' title='bbox 1465 1631 1585 1706; x_wconf 82' lang='lat' dir='ltr'>Apiano</span> <span class='ocrx_word' id='word_1_96' title='bbox 1608 1648 1672 1688; x_wconf 92' lang='lat' dir='ltr'>om-</span> 
     </span>
     <span class='ocr_line' id='line_1_11' title="bbox 337 1732 1671 1810; baseline 0 -19"><span class='ocrx_word' id='word_1_97' title='bbox 337 1734 409 1792; x_wconf 87' lang='lat' dir='ltr'>nino</span> <span class='ocrx_word' id='word_1_98' title='bbox 431 1735 509 1792; x_wconf 93' lang='lat' dir='ltr'>hanc</span> <span class='ocrx_word' id='word_1_99' title='bbox 530 1745 644 1810; x_wconf 85' lang='lat' dir='ltr'>partem</span> <span class='ocrx_word' id='word_1_100' title='bbox 668 1734 764 1792; x_wconf 88' lang='lat' dir='ltr'>solam</span> <span class='ocrx_word' id='word_1_101' title='bbox 785 1735 907 1809; x_wconf 90' lang='lat' dir='ltr'>recepit.</span> <span class='ocrx_word' id='word_1_102' title='bbox 946 1732 1115 1806; x_wconf 81' lang='lat' dir='ltr'>Quominns</span> <span class='ocrx_word' id='word_1_103' title='bbox 1139 1741 1237 1791; x_wconf 86' lang='lat' dir='ltr'>autem</span> <span class='ocrx_word' id='word_1_104' title='bbox 1253 1732 1511 1792; x_wconf 84' lang='lat' dir='ltr'>Tarraconensem</span> <span class='ocrx_word' id='word_1_105' title='bbox 1528 1751 1671 1793; x_wconf 90' lang='lat' dir='ltr'>vocemus</span> 
     </span>
     <span class='ocr_line' id='line_1_12' title="bbox 337 1835 1672 1912; baseline 0.001 -19"><span class='ocrx_word' id='word_1_106' title='bbox 337 1836 414 1894; x_wconf 89' lang='lat' dir='ltr'>hanc</span> <span class='ocrx_word' id='word_1_107' title='bbox 439 1837 669 1911; x_wconf 88' lang='lat' dir='ltr'>inscriptionum</span> <span class='ocrx_word' id='word_1_108' title='bbox 698 1836 816 1907; x_wconf 88' lang='lat' dir='ltr'>seriem,</span> <span class='ocrx_word' id='word_1_109' title='bbox 842 1835 923 1894; x_wconf 89' lang='lat' dir='ltr'>tituli</span> <span class='ocrx_word' id='word_1_110' title='bbox 945 1835 1034 1911; x_wconf 90' lang='lat' dir='ltr'>pauci</span> <span class='ocrx_word' id='word_1_111' title='bbox 1056 1836 1108 1911; x_wconf 92' lang='lat' dir='ltr'>qui</span> <span class='ocrx_word' id='word_1_112' title='bbox 1133 1837 1363 1912; x_wconf 89' lang='lat' dir='ltr'>interponuntur</span> <span class='ocrx_word' id='word_1_113' title='bbox 1385 1844 1472 1895; x_wconf 89' lang='lat' dir='ltr'>extra</span> <span class='ocrx_word' id='word_1_114' title='bbox 1496 1835 1571 1894; x_wconf 91' lang='lat' dir='ltr'>fines</span> <span class='ocrx_word' id='word_1_115' title='bbox 1594 1835 1672 1894; x_wconf 89' lang='lat' dir='ltr'>Tar·</span> 
     </span>
     <span class='ocr_line' id='line_1_13' title="bbox 336 1937 1672 2014; baseline 0.001 -19"><span class='ocrx_word' id='word_1_116' title='bbox 336 1939 509 1996; x_wconf 88' lang='lat' dir='ltr'>raconensis</span> <span class='ocrx_word' id='word_1_117' title='bbox 531 1937 700 2014; x_wconf 89' lang='lat' dir='ltr'>Hispaniae</span> <span class='ocrx_word' id='word_1_118' title='bbox 727 1937 845 1996; x_wconf 89' lang='lat' dir='ltr'>oriundi</span> <span class='ocrx_word' id='word_1_119' title='bbox 873 1939 974 2014; x_wconf 90' lang='lat' dir='ltr'>pontis</span> <span class='ocrx_word' id='word_1_120' title='bbox 998 1937 1225 1996; x_wconf 86' lang='lat' dir='ltr'>Alcantarensis</span> <span class='ocrx_word' id='word_1_121' title='bbox 1253 1937 1296 2013; x_wconf 90' lang='grc'>(1.</span> <span class='ocrx_word' id='word_1_122' title='bbox 1316 1937 1384 1997; x_wconf 85' lang='grc'><strong>759.</strong></span> <span class='ocrx_word' id='word_1_123' title='bbox 1410 1937 1478 1996; x_wconf 86' lang='grc'><strong>769.</strong></span> <span class='ocrx_word' id='word_1_124' title='bbox 1503 1937 1577 2012; x_wconf 80' lang='grc'><strong>761)</strong></span> <span class='ocrx_word' id='word_1_125' title='bbox 1605 1939 1672 1996; x_wconf 86' lang='grc' dir='ltr'>Μ6·</span> 
     </span>
     <span class='ocr_line' id='line_1_14' title="bbox 336 2038 1672 2118; baseline 0.001 -22"><span class='ocrx_word' id='word_1_126' title='bbox 336 2040 459 2098; x_wconf 89' lang='lat' dir='ltr'>lacitani</span> <span class='ocrx_word' id='word_1_127' title='bbox 486 2039 592 2115; x_wconf 82' lang='lat'>(1969.</span> <span class='ocrx_word' id='word_1_128' title='bbox 624 2041 713 2100; x_wconf 90' lang='grc'><strong>1966.</strong></span> <span class='ocrx_word' id='word_1_129' title='bbox 745 2040 839 2116; x_wconf 89' lang='grc'><strong>1968)</strong></span> <span class='ocrx_word' id='word_1_130' title='bbox 869 2038 1085 2099; x_wconf 82' lang='lat' dir='ltr'>Cartimitanus</span> <span class='ocrx_word' id='word_1_131' title='bbox 1114 2040 1224 2116; x_wconf 87' lang='grc'><strong>(1956)</strong></span> <span class='ocrx_word' id='word_1_132' title='bbox 1252 2059 1288 2099; x_wconf 88' lang='grc'>66</span> <span class='ocrx_word' id='word_1_133' title='bbox 1315 2040 1413 2100; x_wconf 92' lang='lat' dir='ltr'>minus</span> <span class='ocrx_word' id='word_1_134' title='bbox 1442 2041 1572 2113; x_wconf 89' lang='lat' dir='ltr'>obstant,</span> <span class='ocrx_word' id='word_1_135' title='bbox 1599 2041 1672 2118; x_wconf 88' lang='lat' dir='ltr'>quia</span> 
     </span>
     <span class='ocr_line' id='line_1_15' title="bbox 337 2142 1672 2220; baseline 0.001 -20"><span class='ocrx_word' id='word_1_136' title='bbox 337 2149 440 2200; x_wconf 82' lang='lat' dir='ltr'>auctor</span> <span class='ocrx_word' id='word_1_137' title='bbox 461 2143 613 2219; x_wconf 82' lang='lat' dir='ltr'>Antiquos</span> <span class='ocrx_word' id='word_1_138' title='bbox 636 2161 689 2202; x_wconf 91' lang='grc'>666</span> <span class='ocrx_word' id='word_1_139' title='bbox 710 2161 769 2201; x_wconf 87' lang='grc'>161</span> <span class='ocrx_word' id='word_1_140' title='bbox 792 2143 830 2200; x_wconf 89' lang='lat' dir='ltr'>de</span> <span class='ocrx_word' id='word_1_141' title='bbox 851 2142 950 2219; x_wconf 86' lang='lat' dir='ltr'>lapide</span> <span class='ocrx_word' id='word_1_142' title='bbox 973 2142 1142 2219; x_wconf 87' lang='lat' dir='ltr'>descripsit,</span> <span class='ocrx_word' id='word_1_143' title='bbox 1170 2142 1223 2200; x_wconf 87' lang='lat' dir='ltr'>sod</span> <span class='ocrx_word' id='word_1_144' title='bbox 1249 2161 1288 2200; x_wconf 86' lang='lat' dir='ltr'>ex</span> <span class='ocrx_word' id='word_1_145' title='bbox 1318 2142 1491 2202; x_wconf 89' lang='lat' dir='ltr'>collectione</span> <span class='ocrx_word' id='word_1_146' title='bbox 1513 2143 1672 2220; x_wconf 88' lang='lat' dir='ltr'>Antiquis-</span> 
     </span>
     <span class='ocr_line' id='line_1_16' title="bbox 336 2244 1671 2322; baseline 0.001 -19"><span class='ocrx_word' id='word_1_147' title='bbox 336 2245 404 2303; x_wconf 87' lang='lat' dir='ltr'>simi</span> <span class='ocrx_word' id='word_1_148' title='bbox 426 2245 587 2304; x_wconf 85' lang='lat' dir='ltr'>transtulit.</span> <span class='ocrx_word' id='word_1_149' title='bbox 633 2247 732 2321; x_wconf 88' lang='lat' dir='ltr'>Atque</span> <span class='ocrx_word' id='word_1_150' title='bbox 761 2245 889 2322; x_wconf 88' lang='lat' dir='ltr'>primum</span> <span class='ocrx_word' id='word_1_151' title='bbox 916 2244 1017 2303; x_wconf 92' lang='lat' dir='ltr'>locum</span> <span class='ocrx_word' id='word_1_152' title='bbox 1046 2247 1077 2303; x_wconf 93' lang='lat' dir='ltr'>in</span> <span class='ocrx_word' id='word_1_153' title='bbox 1104 2245 1161 2303; x_wconf 91' lang='lat' dir='ltr'>hac</span> <span class='ocrx_word' id='word_1_154' title='bbox 1187 2245 1286 2321; x_wconf 90' lang='lat' dir='ltr'>priore</span> <span class='ocrx_word' id='word_1_155' title='bbox 1311 2244 1498 2304; x_wconf 88' lang='lat' dir='ltr'>collectionis</span> <span class='ocrx_word' id='word_1_156' title='bbox 1521 2254 1605 2320; x_wconf 91' lang='lat' dir='ltr'>parte</span> <span class='ocrx_word' id='word_1_157' title='bbox 1627 2255 1671 2304; x_wconf 92' lang='lat' dir='ltr'>te-</span> 
     </span>
     <span class='ocr_line' id='line_1_17' title="bbox 335 2345 1673 2423; baseline 0.001 -18"><span class='ocrx_word' id='word_1_158' title='bbox 335 2355 407 2405; x_wconf 89' lang='lat' dir='ltr'>nent</span> <span class='ocrx_word' id='word_1_159' title='bbox 428 2347 524 2422; x_wconf 91' lang='lat' dir='ltr'>ipsius</span> <span class='ocrx_word' id='word_1_160' title='bbox 548 2347 729 2406; x_wconf 87' lang='lat' dir='ltr'>Tarraconis</span> <span class='ocrx_word' id='word_1_161' title='bbox 750 2347 830 2406; x_wconf 92' lang='lat' dir='ltr'>tituli</span> <span class='ocrx_word' id='word_1_162' title='bbox 852 2347 983 2423; x_wconf 88' lang='lat' dir='ltr'>plurimi,</span> <span class='ocrx_word' id='word_1_163' title='bbox 1007 2356 1172 2423; x_wconf 88' lang='lat' dir='ltr'>sequuntur</span> <span class='ocrx_word' id='word_1_164' title='bbox 1194 2347 1251 2405; x_wconf 91' lang='lat' dir='ltr'>orti</span> <span class='ocrx_word' id='word_1_165' title='bbox 1275 2345 1408 2423; x_wconf 84' lang='lat' dir='ltr'>Sagunto</span> <span class='ocrx_word' id='word_1_166' title='bbox 1424 2347 1524 2406; x_wconf 88' lang='lat' dir='ltr'>Ilerda</span> <span class='ocrx_word' id='word_1_167' title='bbox 1538 2347 1673 2406; x_wconf 90' lang='lat' dir='ltr'>Dertosa</span> 
     </span>
     <span class='ocr_line' id='line_1_18' title="bbox 336 2447 1672 2526; baseline 0.001 -20"><span class='ocrx_word' id='word_1_168' title='bbox 336 2447 477 2508; x_wconf 90' lang='lat' dir='ltr'>Valentia</span> <span class='ocrx_word' id='word_1_169' title='bbox 502 2450 619 2508; x_wconf 88' lang='lat' dir='ltr'>Murcia</span> <span class='ocrx_word' id='word_1_170' title='bbox 644 2450 713 2508; x_wconf 94' lang='lat' dir='ltr'>Ilici</span> <span class='ocrx_word' id='word_1_171' title='bbox 736 2448 858 2510; x_wconf 86' lang='lat' dir='ltr'>Saetabi</span> <span class='ocrx_word' id='word_1_172' title='bbox 882 2450 993 2526; x_wconf 88' lang='lat' dir='ltr'>quique</span> <span class='ocrx_word' id='word_1_173' title='bbox 1015 2449 1155 2508; x_wconf 91' lang='lat' dir='ltr'>dicuntur</span> <span class='ocrx_word' id='word_1_174' title='bbox 1183 2449 1241 2507; x_wconf 91' lang='lat' dir='ltr'>orti</span> <span class='ocrx_word' id='word_1_175' title='bbox 1269 2467 1338 2508; x_wconf 88' lang='lat' dir='ltr'>esse</span> <span class='ocrx_word' id='word_1_176' title='bbox 1360 2449 1515 2524; x_wconf 79' lang='lat' dir='ltr'>Diani01).</span> <span class='ocrx_word' id='word_1_177' title='bbox 1560 2449 1672 2508; x_wconf 89' lang='lat' dir='ltr'>Tarra-</span> 
     </span>
     <span class='ocr_line' id='line_1_19' title="bbox 336 2551 1671 2628; baseline 0.001 -20"><span class='ocrx_word' id='word_1_178' title='bbox 336 2553 512 2610; x_wconf 89' lang='lat' dir='ltr'>conensinm</span> <span class='ocrx_word' id='word_1_179' title='bbox 539 2560 637 2610; x_wconf 90' lang='lat' dir='ltr'>autem</span> <span class='ocrx_word' id='word_1_180' title='bbox 665 2552 894 2628; x_wconf 86' lang='lat' dir='ltr'>inscriptionum</span> <span class='ocrx_word' id='word_1_181' title='bbox 916 2560 1034 2626; x_wconf 90' lang='lat' dir='ltr'>praeter</span> <span class='ocrx_word' id='word_1_182' title='bbox 1063 2551 1194 2627; x_wconf 86' lang='lat' dir='ltr'>amplam</span> <span class='ocrx_word' id='word_1_183' title='bbox 1217 2551 1324 2610; x_wconf 91' lang='lat' dir='ltr'>seriem</span> <span class='ocrx_word' id='word_1_184' title='bbox 1347 2551 1435 2610; x_wconf 89' lang='lat' dir='ltr'>modo</span> <span class='ocrx_word' id='word_1_185' title='bbox 1458 2571 1671 2610; x_wconf 89' lang='lat' dir='ltr'>commemora-</span> 
     </span>
     <span class='ocr_line' id='line_1_20' title="bbox 336 2653 1672 2731; baseline 0.001 -19"><span class='ocrx_word' id='word_1_186' title='bbox 336 2665 396 2712; x_wconf 87' lang='lat' dir='ltr'>tam</span> <span class='ocrx_word' id='word_1_187' title='bbox 420 2653 516 2710; x_wconf 88' lang='lat' dir='ltr'>altera</span> <span class='ocrx_word' id='word_1_188' title='bbox 538 2653 675 2712; x_wconf 88' lang='lat' dir='ltr'>collectio</span> <span class='ocrx_word' id='word_1_189' title='bbox 698 2655 804 2724; x_wconf 88' lang='lat' dir='ltr'>minor,</span> <span class='ocrx_word' id='word_1_190' title='bbox 828 2672 1008 2730; x_wconf 88' lang='lat' dir='ltr'>quamquam</span> <span class='ocrx_word' id='word_1_191' title='bbox 1030 2654 1112 2711; x_wconf 91' lang='lat' dir='ltr'>haud</span> <span class='ocrx_word' id='word_1_192' title='bbox 1134 2653 1255 2730; x_wconf 83' lang='lat' dir='ltr'>exigua,</span> <span class='ocrx_word' id='word_1_193' title='bbox 1279 2653 1390 2712; x_wconf 89' lang='lat' dir='ltr'>tradita</span> <span class='ocrx_word' id='word_1_194' title='bbox 1411 2655 1498 2713; x_wconf 91' lang='lat' dir='ltr'>nobis</span> <span class='ocrx_word' id='word_1_195' title='bbox 1522 2661 1568 2713; x_wconf 91' lang='lat' dir='ltr'>est</span> <span class='ocrx_word' id='word_1_196' title='bbox 1591 2657 1672 2731; x_wconf 90' lang='lat' dir='ltr'>apud</span> 
     </span>
     <span class='ocr_line' id='line_1_21' title="bbox 337 2751 1671 2832; baseline -0.001 -16"><span class='ocrx_word' id='word_1_197' title='bbox 337 2753 492 2816; x_wconf 84' lang='lat' dir='ltr'>Siederum</span> <span class='ocrx_word' id='word_1_198' title='bbox 520 2755 541 2812; x_wconf 87' lang='lat' dir='ltr'>f.</span> <span class='ocrx_word' id='word_1_199' title='bbox 559 2751 697 2814; x_wconf 80' lang='grc'><strong>86-88</strong></span> <span class='ocrx_word' id='word_1_200' title='bbox 728 2756 912 2832; x_wconf 89' lang='lat' dir='ltr'>(=Apian.</span> <span class='ocrx_word' id='word_1_201' title='bbox 939 2757 986 2827; x_wconf 90' lang='lat'>11,</span> <span class='ocrx_word' id='word_1_202' title='bbox 1009 2756 1132 2828; x_wconf 84' lang='lat'>3-13,</span> <span class='ocrx_word' id='word_1_203' title='bbox 1155 2754 1203 2830; x_wconf 76' lang='grc'>2),</span> <span class='ocrx_word' id='word_1_204' title='bbox 1237 2756 1255 2813; x_wconf 95' lang='grc'>1.</span> <span class='ocrx_word' id='word_1_205' title='bbox 1283 2776 1308 2813; x_wconf 86' lang='grc'>6.</span> <span class='ocrx_word' id='word_1_206' title='bbox 1336 2757 1476 2815; x_wconf 82' lang='lat' dir='ltr'>foliorum</span> <span class='ocrx_word' id='word_1_207' title='bbox 1513 2775 1671 2832; x_wconf 89' lang='lat' dir='ltr'>perperam</span> 
     </span>
     <span class='ocr_line' id='line_1_22' title="bbox 336 2857 1672 2935; baseline 0.001 -19"><span class='ocrx_word' id='word_1_208' title='bbox 336 2859 505 2934; x_wconf 90' lang='lat' dir='ltr'>positorum</span> <span class='ocrx_word' id='word_1_209' title='bbox 526 2859 644 2916; x_wconf 90' lang='lat' dir='ltr'>ratione</span> <span class='ocrx_word' id='word_1_210' title='bbox 666 2858 769 2916; x_wconf 87' lang='lat' dir='ltr'>habita</span> <span class='ocrx_word' id='word_1_211' title='bbox 794 2859 827 2916; x_wconf 91' lang='lat' dir='ltr'>in</span> <span class='ocrx_word' id='word_1_212' title='bbox 847 2859 906 2917; x_wconf 89' lang='lat' dir='ltr'>fine</span> <span class='ocrx_word' id='word_1_213' title='bbox 929 2858 1042 2935; x_wconf 83' lang='lat' dir='ltr'>operis3</span> <span class='ocrx_word' id='word_1_214' title='bbox 1066 2857 1170 2916; x_wconf 89' lang='lat' dir='ltr'>eadem</span> <span class='ocrx_word' id='word_1_215' title='bbox 1199 2857 1276 2916; x_wconf 89' lang='lat' dir='ltr'>redit</span> <span class='ocrx_word' id='word_1_216' title='bbox 1301 2859 1332 2916; x_wconf 95' lang='lat' dir='ltr'>in</span> <span class='ocrx_word' id='word_1_217' title='bbox 1359 2859 1435 2917; x_wconf 94' lang='lat' dir='ltr'>libro</span> <span class='ocrx_word' id='word_1_218' title='bbox 1452 2857 1672 2917; x_wconf 84' lang='lat' dir='ltr'>Filonardieno</span> 
     </span>
     <span class='ocr_line' id='line_1_23' title="bbox 337 2956 1673 3038; baseline 0.002 -21"><span class='ocrx_word' id='word_1_219' title='bbox 337 2960 357 3018; x_wconf 86' lang='lat' dir='ltr'>f.</span> <span class='ocrx_word' id='word_1_220' title='bbox 374 2958 497 3018; x_wconf 76' lang='lat'><strong>23-25</strong></span> <span class='ocrx_word' id='word_1_221' title='bbox 521 2969 550 3018; x_wconf 94' lang='grc'>61</span> <span class='ocrx_word' id='word_1_222' title='bbox 571 2960 719 3036; x_wconf 89' lang='lat' dir='ltr'>quaedam</span> <span class='ocrx_word' id='word_1_223' title='bbox 740 2961 809 3019; x_wconf 92' lang='lat' dir='ltr'>inde</span> <span class='ocrx_word' id='word_1_224' title='bbox 832 2960 994 3020; x_wconf 86' lang='lat' dir='ltr'>afferuntur</span> <span class='ocrx_word' id='word_1_225' title='bbox 1016 2961 1047 3018; x_wconf 90' lang='lat' dir='ltr'>in</span> <span class='ocrx_word' id='word_1_226' title='bbox 1063 2961 1128 3018; x_wconf 92' lang='lat' dir='ltr'>cod.</span> <span class='ocrx_word' id='word_1_227' title='bbox 1144 2959 1301 3018; x_wconf 88' lang='lat' dir='ltr'>Parmensi</span> <span class='ocrx_word' id='word_1_228' title='bbox 1323 2961 1343 3018; x_wconf 91' lang='lat' dir='ltr'>f.</span> <span class='ocrx_word' id='word_1_229' title='bbox 1363 2956 1507 3034; x_wconf 79' lang='lat'>15-15‘3</span> <span class='ocrx_word' id='word_1_230' title='bbox 1530 2963 1673 3038; x_wconf 84' lang='lat' dir='ltr'>ignorant</span> 
     </span>
     <span class='ocr_line' id='line_1_24' title="bbox 337 3062 1672 3146; baseline 0.001 -25"><span class='ocrx_word' id='word_1_231' title='bbox 337 3083 402 3122; x_wconf 91' lang='lat' dir='ltr'>eam</span> <span class='ocrx_word' id='word_1_232' title='bbox 425 3070 456 3122; x_wconf 92' lang='lat' dir='ltr'>et</span> <span class='ocrx_word' id='word_1_233' title='bbox 477 3063 640 3139; x_wconf 84' lang='lat' dir='ltr'>Peutinger</span> <span class='ocrx_word' id='word_1_234' title='bbox 662 3075 692 3121; x_wconf 90' lang='grc'>61</span> <span class='ocrx_word' id='word_1_235' title='bbox 715 3062 857 3124; x_wconf 85' lang='lat' dir='ltr'>Sanutus.</span> <span class='ocrx_word' id='word_1_236' title='bbox 901 3062 1093 3146; x_wconf 83' lang='lat' dir='ltr'>Hostitulos</span> <span class='ocrx_word' id='word_1_237' title='bbox 1116 3063 1177 3120; x_wconf 94' lang='lat' dir='ltr'>noli</span> <span class='ocrx_word' id='word_1_238' title='bbox 1200 3063 1271 3138; x_wconf 87' lang='lat' dir='ltr'>quia</span> <span class='ocrx_word' id='word_1_239' title='bbox 1296 3063 1327 3120; x_wconf 94' lang='lat' dir='ltr'>in</span> <span class='ocrx_word' id='word_1_240' title='bbox 1353 3063 1423 3120; x_wconf 88' lang='lat' dir='ltr'>aliis</span> <span class='ocrx_word' id='word_1_241' title='bbox 1446 3065 1672 3139; x_wconf 85' lang='lat' dir='ltr'>exemplaribus</span> 
     </span>
     <span class='ocr_line' id='line_1_25' title="bbox 336 3165 1672 3242; baseline 0.002 -20"><span class='ocrx_word' id='word_1_242' title='bbox 336 3165 459 3238; x_wconf 87' lang='lat' dir='ltr'>desunt,</span> <span class='ocrx_word' id='word_1_243' title='bbox 487 3165 518 3222; x_wconf 92' lang='lat' dir='ltr'>in</span> <span class='ocrx_word' id='word_1_244' title='bbox 548 3165 615 3224; x_wconf 90' lang='lat' dir='ltr'>aliis</span> <span class='ocrx_word' id='word_1_245' title='bbox 644 3184 662 3222; x_wconf 91' lang='lat' dir='ltr'>a</span> <span class='ocrx_word' id='word_1_246' title='bbox 689 3166 796 3224; x_wconf 91' lang='lat' dir='ltr'>ceteris</span> <span class='ocrx_word' id='word_1_247' title='bbox 819 3166 1099 3224; x_wconf 84' lang='lat' dir='ltr'>Tarraconensibus</span> <span class='ocrx_word' id='word_1_248' title='bbox 1124 3175 1309 3242; x_wconf 88' lang='lat' dir='ltr'>separantur,</span> <span class='ocrx_word' id='word_1_249' title='bbox 1331 3165 1369 3222; x_wconf 91' lang='lat' dir='ltr'>ab</span> <span class='ocrx_word' id='word_1_250' title='bbox 1392 3167 1526 3241; x_wconf 84' lang='lat' dir='ltr'>Antiquo</span> <span class='ocrx_word' id='word_1_251' title='bbox 1549 3173 1672 3225; x_wconf 88' lang='lat' dir='ltr'>auctore</span> 
     </span>
     <span class='ocr_line' id='line_1_26' title="bbox 336 3267 1671 3345; baseline 0.002 -20"><span class='ocrx_word' id='word_1_252' title='bbox 336 3267 523 3326; x_wconf 87' lang='lat' dir='ltr'>abiudicare:</span> <span class='ocrx_word' id='word_1_253' title='bbox 552 3267 600 3325; x_wconf 90' lang='lat' dir='ltr'>cui</span> <span class='ocrx_word' id='word_1_254' title='bbox 628 3269 794 3326; x_wconf 89' lang='lat' dir='ltr'>sententiae</span> <span class='ocrx_word' id='word_1_255' title='bbox 817 3269 864 3326; x_wconf 91' lang='lat' dir='ltr'>vel</span> <span class='ocrx_word' id='word_1_256' title='bbox 886 3269 942 3327; x_wconf 93' lang='lat' dir='ltr'>hoc</span> <span class='ocrx_word' id='word_1_257' title='bbox 964 3269 1074 3339; x_wconf 87' lang='lat' dir='ltr'>obstat,</span> <span class='ocrx_word' id='word_1_258' title='bbox 1102 3268 1181 3344; x_wconf 90' lang='lat' dir='ltr'>quod</span> <span class='ocrx_word' id='word_1_259' title='bbox 1208 3267 1239 3326; x_wconf 93' lang='lat' dir='ltr'>in</span> <span class='ocrx_word' id='word_1_260' title='bbox 1260 3274 1343 3326; x_wconf 87' lang='lat' dir='ltr'>tanto</span> <span class='ocrx_word' id='word_1_261' title='bbox 1365 3267 1593 3345; x_wconf 90' lang='lat' dir='ltr'>inscriptionum</span> <span class='ocrx_word' id='word_1_262' title='bbox 1615 3291 1671 3328; x_wconf 93' lang='lat' dir='ltr'>nu-</span> 
     </span>
     <span class='ocr_line' id='line_1_27' title="bbox 335 3368 1671 3447; baseline 0.001 -18"><span class='ocrx_word' id='word_1_263' title='bbox 335 3389 419 3429; x_wconf 89' lang='lat' dir='ltr'>mero</span> <span class='ocrx_word' id='word_1_264' title='bbox 441 3369 525 3428; x_wconf 90' lang='lat' dir='ltr'>nulla</span> <span class='ocrx_word' id='word_1_265' title='bbox 545 3369 576 3428; x_wconf 95' lang='lat' dir='ltr'>in</span> <span class='ocrx_word' id='word_1_266' title='bbox 599 3377 725 3447; x_wconf 89' lang='lat' dir='ltr'>utraque</span> <span class='ocrx_word' id='word_1_267' title='bbox 739 3370 1011 3430; x_wconf 90' lang='lat' dir='ltr'>Tarraconensium</span> <span class='ocrx_word' id='word_1_268' title='bbox 1034 3374 1111 3429; x_wconf 90' lang='lat' dir='ltr'>serie</span> <span class='ocrx_word' id='word_1_269' title='bbox 1132 3369 1218 3428; x_wconf 92' lang='lat' dir='ltr'>redit.</span> <span class='ocrx_word' id='word_1_270' title='bbox 1257 3368 1343 3444; x_wconf 80' lang='lat' dir='ltr'>Quae</span> <span class='ocrx_word' id='word_1_271' title='bbox 1365 3371 1443 3428; x_wconf 91' lang='lat' dir='ltr'>ratio</span> <span class='ocrx_word' id='word_1_272' title='bbox 1465 3371 1544 3429; x_wconf 87' lang='lat' dir='ltr'>inter</span> <span class='ocrx_word' id='word_1_273' title='bbox 1558 3379 1671 3431; x_wconf 89' lang='lat' dir='ltr'>utram·</span> 
     </span>
     <span class='ocr_line' id='line_1_28' title="bbox 336 3471 1671 3551; baseline 0.002 -21"><span class='ocrx_word' id='word_1_274' title='bbox 336 3491 394 3548; x_wconf 91' lang='lat' dir='ltr'>que</span> <span class='ocrx_word' id='word_1_275' title='bbox 416 3472 589 3546; x_wconf 87' lang='lat' dir='ltr'>intercedat,</span> <span class='ocrx_word' id='word_1_276' title='bbox 612 3473 682 3530; x_wconf 91' lang='lat' dir='ltr'>inde</span> <span class='ocrx_word' id='word_1_277' title='bbox 703 3473 761 3532; x_wconf 93' lang='lat' dir='ltr'>nisi</span> <span class='ocrx_word' id='word_1_278' title='bbox 783 3473 872 3531; x_wconf 86' lang='lat' dir='ltr'>fallor</span> <span class='ocrx_word' id='word_1_279' title='bbox 894 3473 1060 3551; x_wconf 78' lang='lat' dir='ltr'>collegitur,</span> <span class='ocrx_word' id='word_1_280' title='bbox 1087 3472 1166 3548; x_wconf 93' lang='lat' dir='ltr'>quod</span> <span class='ocrx_word' id='word_1_281' title='bbox 1189 3471 1284 3530; x_wconf 88' lang='lat' dir='ltr'>maior</span> <span class='ocrx_word' id='word_1_282' title='bbox 1307 3472 1400 3531; x_wconf 88' lang='lat' dir='ltr'>series</span> <span class='ocrx_word' id='word_1_283' title='bbox 1421 3473 1482 3530; x_wconf 90' lang='lat' dir='ltr'>fere</span> <span class='ocrx_word' id='word_1_284' title='bbox 1505 3482 1568 3532; x_wconf 91' lang='lat' dir='ltr'>tota</span> <span class='ocrx_word' id='word_1_285' title='bbox 1590 3493 1671 3533; x_wconf 91' lang='lat' dir='ltr'>oom-</span> 
     </span>
     <span class='ocr_line' id='line_1_29' title="bbox 336 3575 1669 3653; baseline 0.002 -21"><span class='ocrx_word' id='word_1_286' title='bbox 336 3575 436 3650; x_wconf 89' lang='lat' dir='ltr'>posita</span> <span class='ocrx_word' id='word_1_287' title='bbox 457 3585 503 3634; x_wconf 89' lang='lat' dir='ltr'>est</span> <span class='ocrx_word' id='word_1_288' title='bbox 524 3594 563 3633; x_wconf 87' lang='lat' dir='ltr'>ex</span> <span class='ocrx_word' id='word_1_289' title='bbox 585 3575 681 3634; x_wconf 91' lang='lat' dir='ltr'>titulis</span> <span class='ocrx_word' id='word_1_290' title='bbox 705 3576 810 3648; x_wconf 89' lang='lat' dir='ltr'>sacris,</span> <span class='ocrx_word' id='word_1_291' title='bbox 837 3577 1060 3652; x_wconf 82' lang='lat' dir='ltr'>imperatorum,</span> <span class='ocrx_word' id='word_1_292' title='bbox 1092 3575 1319 3651; x_wconf 86' lang='lat' dir='ltr'>magistratuum</span> <span class='ocrx_word' id='word_1_293' title='bbox 1346 3575 1592 3652; x_wconf 89' lang='lat' dir='ltr'>sacerdotumque</span> <span class='ocrx_word' id='word_1_294' title='bbox 1614 3596 1669 3653; x_wconf 87' lang='lat' dir='ltr'>pu-</span> 
     </span>
     <span class='ocr_line' id='line_1_30' title="bbox 335 3677 1668 3755; baseline 0 -19"><span class='ocrx_word' id='word_1_295' title='bbox 335 3678 482 3737; x_wconf 90' lang='lat' dir='ltr'>blicorum</span> <span class='ocrx_word' id='word_1_296' title='bbox 508 3678 557 3737; x_wconf 88' lang='grc'>161</span> <span class='ocrx_word' id='word_1_297' title='bbox 584 3678 819 3755; x_wconf 85' lang='lat' dir='ltr'>municipalium,</span> <span class='ocrx_word' id='word_1_298' title='bbox 847 3678 895 3735; x_wconf 90' lang='grc'>161</span> <span class='ocrx_word' id='word_1_299' title='bbox 921 3677 951 3735; x_wconf 90' lang='grc'>11</span> <span class='ocrx_word' id='word_1_300' title='bbox 979 3677 1088 3755; x_wconf 84' lang='lat' dir='ltr'>quibus</span> <span class='ocrx_word' id='word_1_301' title='bbox 1111 3677 1215 3754; x_wconf 91' lang='lat' dir='ltr'>aliqua</span> <span class='ocrx_word' id='word_1_302' title='bbox 1236 3677 1358 3736; x_wconf 91' lang='lat' dir='ltr'>accedat</span> <span class='ocrx_word' id='word_1_303' title='bbox 1383 3696 1474 3736; x_wconf 89' lang='lat' dir='ltr'>causa</span> <span class='ocrx_word' id='word_1_304' title='bbox 1496 3678 1668 3753; x_wconf 92' lang='lat' dir='ltr'>peculiaris,</span> 
     </span>
     <span class='ocr_line' id='line_1_31' title="bbox 336 3777 1668 3858; baseline 0.002 -20"><span class='ocrx_word' id='word_1_305' title='bbox 336 3799 388 3838; x_wconf 92' lang='lat' dir='ltr'>cur</span> <span class='ocrx_word' id='word_1_306' title='bbox 408 3781 537 3839; x_wconf 87' lang='lat' dir='ltr'>lectione</span> <span class='ocrx_word' id='word_1_307' title='bbox 552 3780 705 3858; x_wconf 85' lang='lat' dir='ltr'>digniores</span> <span class='ocrx_word' id='word_1_308' title='bbox 726 3781 783 3839; x_wconf 89' lang='grc'><strong>1161</strong></span> <span class='ocrx_word' id='word_1_309' title='bbox 807 3777 915 3856; x_wconf 64' lang='grc'><strong>61111);</strong></span> <span class='ocrx_word' id='word_1_310' title='bbox 938 3781 969 3838; x_wconf 89' lang='grc'>11</span> <span class='ocrx_word' id='word_1_311' title='bbox 989 3780 1104 3838; x_wconf 89' lang='lat' dir='ltr'>minore</span> <span class='ocrx_word' id='word_1_312' title='bbox 1126 3781 1205 3838; x_wconf 89' lang='lat' dir='ltr'>serie</span> <span class='ocrx_word' id='word_1_313' title='bbox 1219 3784 1272 3839; x_wconf 85' lang='lat' dir='ltr'>vix</span> <span class='ocrx_word' id='word_1_314' title='bbox 1294 3780 1373 3839; x_wconf 91' lang='lat' dir='ltr'>ullae</span> <span class='ocrx_word' id='word_1_315' title='bbox 1394 3780 1586 3839; x_wconf 85' lang='lat' dir='ltr'>inveniuntur</span> <span class='ocrx_word' id='word_1_316' title='bbox 1607 3801 1668 3840; x_wconf 87' lang='grc'><strong>116-</strong></span> 
     </span>
     <span class='ocr_line' id='line_1_32' title="bbox 336 3871 1669 3960; baseline 0.002 -20"><span class='ocrx_word' id='word_1_317' title='bbox 336 3883 409 3942; x_wconf 88' lang='grc'><strong>16116</strong></span> <span class='ocrx_word' id='word_1_318' title='bbox 431 3883 586 3960; x_wconf 83' lang='lat' dir='ltr'>dignitatis</span> <span class='ocrx_word' id='word_1_319' title='bbox 608 3883 828 3960; x_wconf 90' lang='lat' dir='ltr'>inscriptiones,</span> <span class='ocrx_word' id='word_1_320' title='bbox 852 3882 904 3942; x_wconf 90' lang='lat' dir='ltr'>sed</span> <span class='ocrx_word' id='word_1_321' title='bbox 926 3891 996 3941; x_wconf 91' lang='lat' dir='ltr'>sunt</span> <span class='ocrx_word' id='word_1_322' title='bbox 1016 3901 1119 3942; x_wconf 91' lang='lat' dir='ltr'>omnes</span> <span class='ocrx_word' id='word_1_323' title='bbox 1142 3883 1332 3958; x_wconf 89' lang='lat' dir='ltr'>sepulcrales.</span> <span class='ocrx_word' id='word_1_324' title='bbox 1375 3871 1479 3959; x_wconf 87' lang='lat' dir='ltr'>ltaque</span> <span class='ocrx_word' id='word_1_325' title='bbox 1495 3894 1577 3960; x_wconf 89' lang='lat' dir='ltr'>puto,</span> <span class='ocrx_word' id='word_1_326' title='bbox 1601 3903 1669 3942; x_wconf 87' lang='lat' dir='ltr'>auc·</span> 
     </span>
     <span class='ocr_line' id='line_1_33' title="bbox 336 3985 1668 4061; baseline 0.001 -19"><span class='ocrx_word' id='word_1_327' title='bbox 336 3994 432 4045; x_wconf 90' lang='lat' dir='ltr'>torem</span> <span class='ocrx_word' id='word_1_328' title='bbox 447 3985 632 4044; x_wconf 89' lang='lat' dir='ltr'>collectionis</span> <span class='ocrx_word' id='word_1_329' title='bbox 654 3985 709 4044; x_wconf 91' lang='lat' dir='ltr'>has</span> <span class='ocrx_word' id='word_1_330' title='bbox 732 4005 750 4042; x_wconf 89' lang='lat' dir='ltr'>a</span> <span class='ocrx_word' id='word_1_331' title='bbox 772 3985 878 4044; x_wconf 89' lang='lat' dir='ltr'>ceteris</span> <span class='ocrx_word' id='word_1_332' title='bbox 894 3985 1173 4045; x_wconf 85' lang='lat' dir='ltr'>Tarraconensibus</span> <span class='ocrx_word' id='word_1_333' title='bbox 1197 3993 1352 4061; x_wconf 89' lang='lat' dir='ltr'>separatas</span> <span class='ocrx_word' id='word_1_334' title='bbox 1374 3986 1406 4044; x_wconf 90' lang='lat' dir='ltr'>in</span> <span class='ocrx_word' id='word_1_335' title='bbox 1425 3986 1514 4044; x_wconf 90' lang='lat' dir='ltr'>finem</span> <span class='ocrx_word' id='word_1_336' title='bbox 1536 3985 1668 4044; x_wconf 86' lang='lat' dir='ltr'>fortasse</span> 
     </span>
     <span class='ocr_line' id='line_1_34' title="bbox 337 4085 1668 4166; baseline 0.001 -21"><span class='ocrx_word' id='word_1_337' title='bbox 337 4089 436 4165; x_wconf 91' lang='lat' dir='ltr'>operis</span> <span class='ocrx_word' id='word_1_338' title='bbox 458 4089 626 4166; x_wconf 85' lang='lat' dir='ltr'>relegasse3</span> <span class='ocrx_word' id='word_1_339' title='bbox 654 4087 733 4145; x_wconf 91' lang='lat' dir='ltr'>unde</span> <span class='ocrx_word' id='word_1_340' title='bbox 760 4087 942 4147; x_wconf 89' lang='lat' dir='ltr'>transierunt</span> <span class='ocrx_word' id='word_1_341' title='bbox 968 4089 999 4148; x_wconf 92' lang='lat' dir='ltr'>in</span> <span class='ocrx_word' id='word_1_342' title='bbox 1025 4089 1135 4146; x_wconf 90' lang='lat' dir='ltr'>librum</span> <span class='ocrx_word' id='word_1_343' title='bbox 1159 4085 1273 4147; x_wconf 81' lang='lat' dir='ltr'>Sicderi</span> <span class='ocrx_word' id='word_1_344' title='bbox 1300 4097 1330 4146; x_wconf 90' lang='lat' dir='ltr'>et</span> <span class='ocrx_word' id='word_1_345' title='bbox 1355 4089 1563 4166; x_wconf 87' lang='lat' dir='ltr'>supplementa</span> <span class='ocrx_word' id='word_1_346' title='bbox 1584 4088 1668 4147; x_wconf 88' lang='lat' dir='ltr'>Filo-</span> 
     </span>
     <span class='ocr_line' id='line_1_35' title="bbox 336 4189 1668 4268; baseline 0.001 -21"><span class='ocrx_word' id='word_1_347' title='bbox 336 4189 484 4261; x_wconf 87' lang='lat' dir='ltr'>nardiani,</span> <span class='ocrx_word' id='word_1_348' title='bbox 507 4207 568 4247; x_wconf 93' lang='lat' dir='ltr'>non</span> <span class='ocrx_word' id='word_1_349' title='bbox 588 4199 726 4267; x_wconf 90' lang='lat' dir='ltr'>receptae</span> <span class='ocrx_word' id='word_1_350' title='bbox 748 4197 818 4248; x_wconf 91' lang='grc'><strong>6111</strong></span> <span class='ocrx_word' id='word_1_351' title='bbox 839 4191 871 4248; x_wconf 89' lang='grc'>11</span> <span class='ocrx_word' id='word_1_352' title='bbox 892 4190 967 4249; x_wconf 92' lang='lat' dir='ltr'>illud</span> <span class='ocrx_word' id='word_1_353' title='bbox 982 4190 1160 4268; x_wconf 87' lang='lat' dir='ltr'>exemplum,</span> <span class='ocrx_word' id='word_1_354' title='bbox 1184 4210 1222 4248; x_wconf 89' lang='lat' dir='ltr'>ex</span> <span class='ocrx_word' id='word_1_355' title='bbox 1245 4209 1304 4266; x_wconf 92' lang='lat' dir='ltr'>quo</span> <span class='ocrx_word' id='word_1_356' title='bbox 1325 4191 1458 4267; x_wconf 88' lang='lat' dir='ltr'>pendent</span> <span class='ocrx_word' id='word_1_357' title='bbox 1476 4192 1668 4250; x_wconf 89' lang='lat' dir='ltr'>collectiones</span> 
     </span>
     <span class='ocr_line' id='line_1_36' title="bbox 336 4289 1667 4370; baseline 0 -20"><span class='ocrx_word' id='word_1_358' title='bbox 336 4291 510 4367; x_wconf 85' lang='lat' dir='ltr'>Peutingeri</span> <span class='ocrx_word' id='word_1_359' title='bbox 543 4289 649 4351; x_wconf 85' lang='lat' dir='ltr'>Sanuti</span> <span class='ocrx_word' id='word_1_360' title='bbox 683 4291 908 4352; x_wconf 83' lang='lat' dir='ltr'>Filonardiana.</span> <span class='ocrx_word' id='word_1_361' title='bbox 952 4293 1147 4354; x_wconf 89' lang='lat' dir='ltr'>Aesonenses</span> <span class='ocrx_word' id='word_1_362' title='bbox 1179 4293 1390 4370; x_wconf 84' lang='lat' dir='ltr'>inscriptiones</span> <span class='ocrx_word' id='word_1_363' title='bbox 1423 4301 1553 4368; x_wconf 89' lang='lat' dir='ltr'>quatuor</span> <span class='ocrx_word' id='word_1_364' title='bbox 1585 4293 1667 4368; x_wconf 88' lang='lat' dir='ltr'>(vide</span> 
     </span>
     <span class='ocr_line' id='line_1_37' title="bbox 340 4393 1667 4472; baseline -0.001 -18"><span class='ocrx_word' id='word_1_365' title='bbox 340 4395 370 4454; x_wconf 82' lang='lat'>0.</span> <span class='ocrx_word' id='word_1_366' title='bbox 386 4393 412 4452; x_wconf 92' lang='grc' dir='ltr'>Ι.</span> <span class='ocrx_word' id='word_1_367' title='bbox 428 4393 459 4451; x_wconf 91' lang='grc' dir='ltr'>ΙΙ</span> <span class='ocrx_word' id='word_1_368' title='bbox 473 4412 541 4471; x_wconf 83' lang='lat' dir='ltr'>pag.</span> <span class='ocrx_word' id='word_1_369' title='bbox 555 4393 630 4470; x_wconf 80' lang='grc'><strong>594)</strong></span> <span class='ocrx_word' id='word_1_370' title='bbox 647 4412 721 4471; x_wconf 90' lang='lat' dir='ltr'>quas</span> <span class='ocrx_word' id='word_1_371' title='bbox 737 4395 850 4454; x_wconf 89' lang='lat' dir='ltr'>habent</span> <span class='ocrx_word' id='word_1_372' title='bbox 866 4394 971 4456; x_wconf 81' lang='lat' dir='ltr'>Sieder</span> <span class='ocrx_word' id='word_1_373' title='bbox 985 4407 1015 4454; x_wconf 88' lang='lat' dir='ltr'>et</span> <span class='ocrx_word' id='word_1_374' title='bbox 1028 4395 1177 4471; x_wconf 87' lang='lat' dir='ltr'>Apianus,</span> <span class='ocrx_word' id='word_1_375' title='bbox 1200 4395 1340 4454; x_wconf 91' lang='lat' dir='ltr'>omittunt</span> <span class='ocrx_word' id='word_1_376' title='bbox 1355 4395 1519 4472; x_wconf 84' lang='lat' dir='ltr'>Peutinger</span> <span class='ocrx_word' id='word_1_377' title='bbox 1535 4393 1667 4455; x_wconf 82' lang='lat' dir='ltr'>Sanetus</span> 
     </span>
     <span class='ocr_line' id='line_1_38' title="bbox 336 4496 1667 4575; baseline 0 -21"><span class='ocrx_word' id='word_1_378' title='bbox 336 4496 585 4568; x_wconf 84' lang='lat' dir='ltr'>Filonardianus,</span> <span class='ocrx_word' id='word_1_379' title='bbox 616 4515 797 4574; x_wconf 90' lang='lat' dir='ltr'>quamquam</span> <span class='ocrx_word' id='word_1_380' title='bbox 820 4499 977 4556; x_wconf 88' lang='lat' dir='ltr'>traduntur</span> <span class='ocrx_word' id='word_1_381' title='bbox 1004 4498 1071 4556; x_wconf 95' lang='lat' dir='ltr'>loco</span> <span class='ocrx_word' id='word_1_382' title='bbox 1095 4497 1193 4556; x_wconf 89' lang='lat' dir='ltr'>alieno</span> <span class='ocrx_word' id='word_1_383' title='bbox 1210 4497 1462 4575; x_wconf 89' lang='lat' dir='ltr'>—interpositae</span> <span class='ocrx_word' id='word_1_384' title='bbox 1490 4498 1569 4556; x_wconf 88' lang='lat' dir='ltr'>euim</span> <span class='ocrx_word' id='word_1_385' title='bbox 1597 4505 1667 4556; x_wconf 89' lang='lat' dir='ltr'>sunt</span> 
     </span>
    </p>
   </div>
   <div class='ocr_carea' id='block_1_3' title="bbox 286 4765 1667 5386">
    <p class='ocr_par' dir='ltr' id='par_1_3' title="bbox 286 4765 1666 5026">
     <span class='ocr_line' id='line_1_39' title="bbox 414 4765 1666 4831; baseline -0.002 -15"><span class='ocrx_word' id='word_1_386' title='bbox 414 4765 438 4828; x_wconf 92' lang='lat'>¹)</span> <span class='ocrx_word' id='word_1_387' title='bbox 457 4767 582 4816; x_wconf 84' lang='lat' dir='ltr'>Dianium</span> <span class='ocrx_word' id='word_1_388' title='bbox 602 4766 732 4829; x_wconf 88' lang='lat' dir='ltr'>Antiquus</span> <span class='ocrx_word' id='word_1_389' title='bbox 751 4765 830 4814; x_wconf 88' lang='grc'><strong>161611</strong></span> <span class='ocrx_word' id='word_1_390' title='bbox 848 4767 935 4816; x_wconf 90' lang='lat' dir='ltr'>titulos</span> <span class='ocrx_word' id='word_1_391' title='bbox 956 4781 988 4816; x_wconf 87' lang='lat' dir='ltr'>ex</span> <span class='ocrx_word' id='word_1_392' title='bbox 1007 4766 1197 4831; x_wconf 85' lang='lat' dir='ltr'>Antiquissimo</span> <span class='ocrx_word' id='word_1_393' title='bbox 1216 4765 1318 4831; x_wconf 90' lang='lat' dir='ltr'>petitos,</span> <span class='ocrx_word' id='word_1_394' title='bbox 1343 4765 1386 4830; x_wconf 91' lang='lat' dir='ltr'>qui</span> <span class='ocrx_word' id='word_1_395' title='bbox 1406 4765 1503 4814; x_wconf 89' lang='lat' dir='ltr'>abillo</span> <span class='ocrx_word' id='word_1_396' title='bbox 1523 4766 1590 4816; x_wconf 91' lang='lat' dir='ltr'>inter</span> <span class='ocrx_word' id='word_1_397' title='bbox 1609 4765 1666 4815; x_wconf 92' lang='lat' dir='ltr'>Ma-</span> 
     </span>
     <span class='ocr_line' id='line_1_40' title="bbox 336 4851 1665 4922; baseline -0.002 -14"><span class='ocrx_word' id='word_1_398' title='bbox 336 4859 461 4908; x_wconf 91' lang='lat' dir='ltr'>lacitanos</span> <span class='ocrx_word' id='word_1_399' title='bbox 485 4859 651 4922; x_wconf 82' lang='lat' dir='ltr'>proferuntur</span> <span class='ocrx_word' id='word_1_400' title='bbox 669 4874 694 4908; x_wconf 93' lang='lat' dir='ltr'>n.</span> <span class='ocrx_word' id='word_1_401' title='bbox 711 4857 790 4908; x_wconf 88' lang='grc'><strong>1965.</strong></span> <span class='ocrx_word' id='word_1_402' title='bbox 813 4851 888 4908; x_wconf 80' lang='lat'>164*.</span> <span class='ocrx_word' id='word_1_403' title='bbox 909 4853 985 4920; x_wconf 79' lang='lat'><strong>363*‚</strong></span> <span class='ocrx_word' id='word_1_404' title='bbox 1013 4857 1083 4909; x_wconf 87' lang='lat'><strong>1433</strong></span> <span class='ocrx_word' id='word_1_405' title='bbox 1109 4858 1145 4920; x_wconf 84' lang='grc'><strong>(111</strong></span> <span class='ocrx_word' id='word_1_406' title='bbox 1169 4857 1235 4908; x_wconf 77' lang='lat' dir='ltr'>vitta</span> <span class='ocrx_word' id='word_1_407' title='bbox 1255 4856 1352 4908; x_wconf 84' lang='lat' dir='ltr'>Zoloaa</span> <span class='ocrx_word' id='word_1_408' title='bbox 1370 4858 1442 4908; x_wconf 80' lang='lat' dir='ltr'>Ferr.</span> <span class='ocrx_word' id='word_1_409' title='bbox 1462 4857 1526 4922; x_wconf 86' lang='lat' dir='ltr'>Reg.</span> <span class='ocrx_word' id='word_1_410' title='bbox 1546 4859 1564 4907; x_wconf 87' lang='lat' dir='ltr'>f.</span> <span class='ocrx_word' id='word_1_411' title='bbox 1581 4855 1665 4918; x_wconf 81' lang='lat'>170¹),</span> 
     </span>
     <span class='ocr_line' id='line_1_41' title="bbox 286 4944 1105 5026; baseline 0.001 -26"><span class='ocrx_word' id='word_1_412' title='bbox 286 5019 289 5026; x_wconf 26' lang='grc'>1</span> <span class='ocrx_word' id='word_1_413' title='bbox 337 4951 431 5000; x_wconf 86' lang='lat' dir='ltr'>deinde</span> <span class='ocrx_word' id='word_1_414' title='bbox 448 4949 543 5001; x_wconf 87' lang='grc'><strong>16161111</strong></span> <span class='ocrx_word' id='word_1_415' title='bbox 564 4944 631 5002; x_wconf 80' lang='lat'>364*</span> <span class='ocrx_word' id='word_1_416' title='bbox 651 4956 676 5000; x_wconf 91' lang='lat' dir='ltr'>et</span> <span class='ocrx_word' id='word_1_417' title='bbox 695 4950 903 5000; x_wconf 87' lang='lat' dir='ltr'>Tarraconenses</span> <span class='ocrx_word' id='word_1_418' title='bbox 922 4950 1003 5001; x_wconf 82' lang='lat'>4315.</span> <span class='ocrx_word' id='word_1_419' title='bbox 1024 4951 1105 5002; x_wconf 84' lang='lat'>4388.</span> 
     </span>
    </p>

    <p class='ocr_par' dir='ltr' id='par_1_4' title="bbox 337 5041 1667 5386">
     <span class='ocr_line' id='line_1_42' title="bbox 414 5041 1665 5109; baseline -0.006 -15"><span class='ocrx_word' id='word_1_420' title='bbox 414 5041 439 5104; x_wconf 76' lang='lat'>²)</span> <span class='ocrx_word' id='word_1_421' title='bbox 458 5043 530 5094; x_wconf 90' lang='lat' dir='ltr'>Ordo</span> <span class='ocrx_word' id='word_1_422' title='bbox 550 5045 636 5105; x_wconf 88' lang='lat' dir='ltr'>etiam,</span> <span class='ocrx_word' id='word_1_423' title='bbox 661 5058 711 5107; x_wconf 88' lang='lat' dir='ltr'>quo</span> <span class='ocrx_word' id='word_1_424' title='bbox 731 5043 848 5109; x_wconf 87' lang='lat' dir='ltr'>dispositi</span> <span class='ocrx_word' id='word_1_425' title='bbox 868 5049 927 5093; x_wconf 89' lang='lat' dir='ltr'>sunt</span> <span class='ocrx_word' id='word_1_426' title='bbox 945 5044 971 5092; x_wconf 90' lang='lat' dir='ltr'>hi</span> <span class='ocrx_word' id='word_1_427' title='bbox 991 5043 1069 5106; x_wconf 90' lang='lat' dir='ltr'>tituli,</span> <span class='ocrx_word' id='word_1_428' title='bbox 1095 5059 1188 5108; x_wconf 85' lang='lat' dir='ltr'>magna</span> <span class='ocrx_word' id='word_1_429' title='bbox 1207 5059 1240 5093; x_wconf 85' lang='lat' dir='ltr'>cx</span> <span class='ocrx_word' id='word_1_430' title='bbox 1259 5050 1331 5108; x_wconf 88' lang='lat' dir='ltr'>parte</span> <span class='ocrx_word' id='word_1_431' title='bbox 1348 5043 1444 5107; x_wconf 88' lang='lat' dir='ltr'>pendet</span> <span class='ocrx_word' id='word_1_432' title='bbox 1463 5057 1496 5091; x_wconf 82' lang='lat' dir='ltr'>ex</span> <span class='ocrx_word' id='word_1_433' title='bbox 1515 5047 1665 5106; x_wconf 84' lang='lat' dir='ltr'>argumento</span> 
     </span>
     <span class='ocr_line' id='line_1_43' title="bbox 337 5129 1667 5200; baseline -0.003 -16"><span class='ocrx_word' id='word_1_434' title='bbox 337 5137 465 5200; x_wconf 83' lang='lat' dir='ltr'>ipsorum:</span> <span class='ocrx_word' id='word_1_435' title='bbox 485 5135 642 5200; x_wconf 89' lang='lat' dir='ltr'>praecedunt</span> <span class='ocrx_word' id='word_1_436' title='bbox 660 5135 728 5184; x_wconf 89' lang='lat' dir='ltr'>tituli</span> <span class='ocrx_word' id='word_1_437' title='bbox 741 5136 796 5185; x_wconf 86' lang='lat' dir='ltr'>deis</span> <span class='ocrx_word' id='word_1_438' title='bbox 810 5134 921 5186; x_wconf 88' lang='lat' dir='ltr'>dedicati</span> <span class='ocrx_word' id='word_1_439' title='bbox 941 5135 1036 5199; x_wconf 77' lang='lat' dir='ltr'>(Filon.</span> <span class='ocrx_word' id='word_1_440' title='bbox 1055 5137 1074 5186; x_wconf 89' lang='grc'>1.</span> <span class='ocrx_word' id='word_1_441' title='bbox 1090 5137 1144 5197; x_wconf 89' lang='grc'><strong>31),</strong></span> <span class='ocrx_word' id='word_1_442' title='bbox 1165 5142 1305 5200; x_wconf 88' lang='lat' dir='ltr'>sequuntur</span> <span class='ocrx_word' id='word_1_443' title='bbox 1323 5135 1391 5183; x_wconf 91' lang='lat' dir='ltr'>tituli</span> <span class='ocrx_word' id='word_1_444' title='bbox 1409 5137 1593 5199; x_wconf 88' lang='lat' dir='ltr'>imperatorum</span> <span class='ocrx_word' id='word_1_445' title='bbox 1614 5129 1667 5194; x_wconf 85' lang='lat'>(31&#39;</span> 
     </span>
     <span class='ocr_line' id='line_1_44' title="bbox 339 5225 1665 5293; baseline -0.004 -16"><span class='ocrx_word' id='word_1_446' title='bbox 339 5225 433 5293; x_wconf 83' lang='lat'><strong>—33&#39;)</strong></span> <span class='ocrx_word' id='word_1_447' title='bbox 458 5229 601 5292; x_wconf 89' lang='lat' dir='ltr'>civiumque</span> <span class='ocrx_word' id='word_1_448' title='bbox 627 5229 733 5277; x_wconf 87' lang='lat' dir='ltr'>summis</span> <span class='ocrx_word' id='word_1_449' title='bbox 751 5229 894 5278; x_wconf 91' lang='lat' dir='ltr'>honoribus</span> <span class='ocrx_word' id='word_1_450' title='bbox 913 5229 1064 5292; x_wconf 84' lang='lat' dir='ltr'>insignium3</span> <span class='ocrx_word' id='word_1_451' title='bbox 1090 5229 1141 5278; x_wconf 86' lang='lat' dir='ltr'>alio</span> <span class='ocrx_word' id='word_1_452' title='bbox 1167 5228 1226 5278; x_wconf 90' lang='lat' dir='ltr'>loco</span> <span class='ocrx_word' id='word_1_453' title='bbox 1246 5233 1434 5292; x_wconf 90' lang='lat' dir='ltr'>componuntur</span> <span class='ocrx_word' id='word_1_454' title='bbox 1453 5227 1530 5276; x_wconf 87' lang='grc'><strong>661111</strong></span> <span class='ocrx_word' id='word_1_455' title='bbox 1549 5225 1665 5290; x_wconf 84' lang='lat' dir='ltr'>magistri</span> 
     </span>
     <span class='ocr_line' id='line_1_45' title="bbox 338 5315 1651 5386; baseline -0.003 -18"><span class='ocrx_word' id='word_1_456' title='bbox 338 5321 432 5369; x_wconf 87' lang='lat' dir='ltr'>Larum</span> <span class='ocrx_word' id='word_1_457' title='bbox 445 5320 473 5382; x_wconf 90' lang='grc'>(1.</span> <span class='ocrx_word' id='word_1_458' title='bbox 489 5318 554 5381; x_wconf 80' lang='lat'>35&#39;),</span> <span class='ocrx_word' id='word_1_459' title='bbox 575 5320 691 5370; x_wconf 86' lang='lat' dir='ltr'>flamines</span> <span class='ocrx_word' id='word_1_460' title='bbox 704 5320 851 5386; x_wconf 86' lang='lat' dir='ltr'>provinciae</span> <span class='ocrx_word' id='word_1_461' title='bbox 865 5321 984 5371; x_wconf 90' lang='lat' dir='ltr'>omnibus</span> <span class='ocrx_word' id='word_1_462' title='bbox 997 5319 1136 5370; x_wconf 90' lang='lat' dir='ltr'>honoribus</span> <span class='ocrx_word' id='word_1_463' title='bbox 1150 5320 1177 5369; x_wconf 91' lang='lat' dir='ltr'>in</span> <span class='ocrx_word' id='word_1_464' title='bbox 1190 5334 1244 5384; x_wconf 89' lang='lat' dir='ltr'>rep.</span> <span class='ocrx_word' id='word_1_465' title='bbox 1259 5333 1305 5370; x_wconf 89' lang='lat' dir='ltr'>sna</span> <span class='ocrx_word' id='word_1_466' title='bbox 1317 5318 1399 5369; x_wconf 77' lang='lat' dir='ltr'>functi</span> <span class='ocrx_word' id='word_1_467' title='bbox 1413 5319 1441 5381; x_wconf 92' lang='grc'>(1.</span> <span class='ocrx_word' id='word_1_468' title='bbox 1456 5315 1592 5385; x_wconf 81' lang='grc'><strong>31’-38’)</strong></span> <span class='ocrx_word' id='word_1_469' title='bbox 1606 5321 1651 5366; x_wconf 86' lang='lat' dir='ltr'>etc.</span> 
     </span>
    </p>
   </div>
   <div class='ocr_carea' id='block_1_4' title="bbox 0 0 1820 6036">
    <p class='ocr_par' dir='ltr' id='par_1_5' title="bbox 0 0 1820 6036">
     <span class='ocr_line' id='line_1_46' title="bbox 0 0 1820 6036; baseline 0 0"><span class='ocrx_word' id='word_1_470' title='bbox 0 0 1820 6036; x_wconf 95' lang='lat' dir='ltr'> </span> 
     </span>
    </p>
   </div>
  </div>
 </body>
</html>
