<?xml version="1.0" encoding="UTF-8"?>
<!DOCTYPE html PUBLIC "-//W3C//DTD XHTML 1.0 Transitional//EN"
    "http://www.w3.org/TR/xhtml1/DTD/xhtml1-transitional.dtd">
<html xmlns="http://www.w3.org/1999/xhtml" xml:lang="en" lang="en">
 <head>
  <title>
</title>
<meta http-equiv="Content-Type" content="text/html;charset=utf-8" />
  <meta name='ocr-system' content='tesseract 3.04.00' />
  <meta name='ocr-capabilities' content='ocr_page ocr_carea ocr_par ocr_line ocrx_word'/>
</head>
<body>
  <div class='ocr_page' id='page_1' title='image "./ephemerisepigra13instgoog_0180.png"; bbox 0 0 3596 6040; ppageno 0'>
   <div class='ocr_carea' id='block_1_1' title="bbox 678 604 1763 723">
    <p class='ocr_par' dir='ltr' id='par_1_1' title="bbox 678 604 1763 723">
     <span class='ocr_line' id='line_1_1' title="bbox 678 604 1763 723; baseline -0.005 -17"><span class='ocrx_word' id='word_1_1' title='bbox 678 650 718 707; x_wconf 84' lang='lat' dir='ltr'><strong>ad</strong></span> <span class='ocrx_word' id='word_1_2' title='bbox 749 665 791 709; x_wconf 71' lang='lat' dir='ltr'><strong>rto</strong></span> <span class='ocrx_word' id='word_1_3' title='bbox 824 666 862 710; x_wconf 85' lang='lat' dir='ltr'><strong>ec</strong></span> <span class='ocrx_word' id='word_1_4' title='bbox 897 651 994 710; x_wconf 83' lang='lat' dir='ltr'><strong>dicere</strong></span> <span class='ocrx_word' id='word_1_5' title='bbox 1030 651 1128 708; x_wconf 91' lang='lat' dir='ltr'><strong>liceto.</strong></span> <span class='ocrx_word' id='word_1_6' title='bbox 1282 604 1413 723; x_wconf 70' lang='lat' dir='ltr'><strong>llignum</strong></span> <span class='ocrx_word' id='word_1_7' title='bbox 1450 645 1614 704; x_wconf 86' lang='lat' dir='ltr'><strong>conductor</strong></span> <span class='ocrx_word' id='word_1_8' title='bbox 1649 644 1763 719; x_wconf 77' lang='lat' dir='ltr'><strong>reposit</strong></span> 
     </span>
    </p>
   </div>
   <div class='ocr_carea' id='block_1_2' title="bbox 676 735 830 746">
    <p class='ocr_par' dir='ltr' id='par_1_2' title="bbox 676 735 830 746">
     <span class='ocr_line' id='line_1_2' title="bbox 676 735 830 746; baseline 0 0"><span class='ocrx_word' id='word_1_9' title='bbox 676 735 830 746; x_wconf 63' lang='lat' dir='ltr'><em>-ae—-—--</em></span> 
     </span>
    </p>
   </div>
   <div class='ocr_carea' id='block_1_3' title="bbox 676 753 1762 888">
    <p class='ocr_par' dir='ltr' id='par_1_3' title="bbox 676 753 1762 888">
     <span class='ocr_line' id='line_1_3' title="bbox 676 753 1762 888; baseline -0.002 -20"><span class='ocrx_word' id='word_1_10' title='bbox 676 753 826 868; x_wconf 47' lang='lat' dir='ltr'><strong>2Slultl&#39;lnl.</strong></span> <span class='ocrx_word' id='word_1_11' title='bbox 982 811 1041 886; x_wconf 82' lang='lat' dir='ltr'><strong>Qui</strong></span> <span class='ocrx_word' id='word_1_12' title='bbox 1090 813 1352 872; x_wconf 78' lang='lat' dir='ltr'><strong>calciamentorum</strong></span> <span class='ocrx_word' id='word_1_13' title='bbox 1400 812 1472 888; x_wconf 89' lang='lat' dir='ltr'><strong>quid</strong></span> <span class='ocrx_word' id='word_1_14' title='bbox 1519 811 1762 868; x_wconf 66' lang='lat' dir='ltr'><strong>loramentorum*</strong></span> 
     </span>
    </p>
   </div>
   <div class='ocr_carea' id='block_1_4' title="bbox 674 936 1762 1014">
    <p class='ocr_par' dir='ltr' id='par_1_4' title="bbox 674 936 1762 1014">
     <span class='ocr_line' id='line_1_4' title="bbox 674 936 1762 1014; baseline -0.004 -15"><span class='ocrx_word' id='word_1_15' title='bbox 674 961 737 1000; x_wconf 88' lang='lat' dir='ltr'><strong>rem</strong></span> <span class='ocrx_word' id='word_1_16' title='bbox 786 940 887 999; x_wconf 86' lang='lat' dir='ltr'><strong>fixerit</strong></span> <span class='ocrx_word' id='word_1_17' title='bbox 933 939 1170 998; x_wconf 87' lang='lat' dir='ltr'><strong>venditaveritve</strong></span> <span class='ocrx_word' id='word_1_18' title='bbox 1218 938 1282 997; x_wconf 82' lang='lat' dir='ltr'><strong>sive</strong></span> <span class='ocrx_word' id='word_1_19' title='bbox 1329 938 1402 1014; x_wconf 90' lang='lat' dir='ltr'><strong>quid</strong></span> <span class='ocrx_word' id='word_1_20' title='bbox 1449 938 1539 1008; x_wconf 86' lang='lat' dir='ltr'><strong>aliut,</strong></span> <span class='ocrx_word' id='word_1_21' title='bbox 1588 936 1668 1010; x_wconf 90' lang='lat' dir='ltr'><strong>quod</strong></span> <span class='ocrx_word' id='word_1_22' title='bbox 1716 946 1762 995; x_wconf 83' lang='lat' dir='ltr'><strong>sut</strong></span> 
     </span>
    </p>
   </div>
   <div class='ocr_carea' id='block_1_5' title="bbox 674 1043 1761 1160">
    <p class='ocr_par' dir='ltr' id='par_1_5' title="bbox 674 1043 1761 1160">
     <span class='ocr_line' id='line_1_5' title="bbox 674 1043 1761 1160; baseline -0.004 -16"><span class='ocrx_word' id='word_1_23' title='bbox 674 1043 849 1144; x_wconf 71' lang='lat' dir='ltr'><strong>bbnduetori</strong></span> <span class='ocrx_word' id='word_1_24' title='bbox 885 1085 970 1144; x_wconf 85' lang='lat' dir='ltr'><strong>socio</strong></span> <span class='ocrx_word' id='word_1_25' title='bbox 1006 1083 1139 1142; x_wconf 85' lang='lat' dir='ltr'><strong>actorive</strong></span> <span class='ocrx_word' id='word_1_26' title='bbox 1174 1083 1238 1141; x_wconf 82' lang='lat' dir='ltr'><strong>eius</strong></span> <span class='ocrx_word' id='word_1_27' title='bbox 1275 1082 1397 1160; x_wconf 91' lang='lat' dir='ltr'><strong>duplum</strong></span> <span class='ocrx_word' id='word_1_28' title='bbox 1435 1082 1462 1140; x_wconf 93' lang='lat' dir='ltr'><strong>d.</strong></span> <span class='ocrx_word' id='word_1_29' title='bbox 1496 1081 1525 1138; x_wconf 91' lang='lat' dir='ltr'><strong>d.</strong></span> <span class='ocrx_word' id='word_1_30' title='bbox 1680 1078 1761 1140; x_wconf 58' lang='lat' dir='ltr'><strong>Cone*</strong></span> 
     </span>
    </p>
   </div>
   <div class='ocr_carea' id='block_1_6' title="bbox 676 1205 1759 1285">
    <p class='ocr_par' dir='ltr' id='par_1_6' title="bbox 676 1205 1759 1285">
     <span class='ocr_line' id='line_1_6' title="bbox 676 1205 1759 1285; baseline -0.006 -16"><span class='ocrx_word' id='word_1_31' title='bbox 676 1212 810 1270; x_wconf 88' lang='lat' dir='ltr'><strong>actorive</strong></span> <span class='ocrx_word' id='word_1_32' title='bbox 856 1211 920 1270; x_wconf 83' lang='lat' dir='ltr'><strong>eius</strong></span> <span class='ocrx_word' id='word_1_33' title='bbox 966 1210 1075 1285; x_wconf 81' lang='lat' dir='ltr'><strong>pignus</strong></span> <span class='ocrx_word' id='word_1_34' title='bbox 1125 1227 1231 1284; x_wconf 81' lang='lat' dir='ltr'><strong>capere</strong></span> <span class='ocrx_word' id='word_1_35' title='bbox 1277 1209 1376 1266; x_wconf 87' lang='lat' dir='ltr'><strong>liceto.</strong></span> <span class='ocrx_word' id='word_1_36' title='bbox 1529 1205 1664 1264; x_wconf 87' lang='lat' dir='ltr'><strong>Reficere</strong></span> <span class='ocrx_word' id='word_1_37' title='bbox 1713 1207 1759 1262; x_wconf 86' lang='lat' dir='ltr'><strong>cal</strong></span> 
     </span>
    </p>
   </div>
   <div class='ocr_carea' id='block_1_7' title="bbox 674 1333 1754 1410">
    <p class='ocr_par' dir='ltr' id='par_1_7' title="bbox 674 1333 1754 1410">
     <span class='ocr_line' id='line_1_7' title="bbox 674 1333 1754 1410; baseline -0.008 -14"><span class='ocrx_word' id='word_1_38' title='bbox 674 1357 719 1396; x_wconf 91' lang='lat' dir='ltr'><strong>ve.</strong></span> <span class='ocrx_word' id='word_1_39' title='bbox 876 1335 1048 1396; x_wconf 86' lang='lat' dir='ltr'><strong>Conductor</strong></span> <span class='ocrx_word' id='word_1_40' title='bbox 1104 1355 1192 1395; x_wconf 92' lang='lat' dir='ltr'><strong>omne</strong></span> <span class='ocrx_word' id='word_1_41' title='bbox 1249 1352 1344 1410; x_wconf 82' lang='lat' dir='ltr'><strong>genua</strong></span> <span class='ocrx_word' id='word_1_42' title='bbox 1399 1333 1660 1391; x_wconf 76' lang='lat' dir='ltr'><strong>calciamentorum</strong></span> <span class='ocrx_word' id='word_1_43' title='bbox 1718 1351 1754 1406; x_wconf 92' lang='lat' dir='ltr'><strong>pr</strong></span> 
     </span>
    </p>
   </div>
   <div class='ocr_carea' id='block_1_8' title="bbox 673 1460 1753 1539">
    <p class='ocr_par' dir='ltr' id='par_1_8' title="bbox 673 1460 1753 1539">
     <span class='ocr_line' id='line_1_8' title="bbox 673 1460 1753 1539; baseline -0.006 -2"><span class='ocrx_word' id='word_1_44' title='bbox 673 1492 750 1539; x_wconf 85' lang='lat' dir='ltr'><strong>esto.</strong></span> <span class='ocrx_word' id='word_1_45' title='bbox 957 1460 1160 1534; x_wconf 85' lang='lat' dir='ltr'><strong>Tonstrini.</strong></span> <span class='ocrx_word' id='word_1_46' title='bbox 1357 1477 1531 1537; x_wconf 83' lang='lat' dir='ltr'><strong>Conductor</strong></span> <span class='ocrx_word' id='word_1_47' title='bbox 1592 1475 1653 1532; x_wconf 86' lang='lat' dir='ltr'><strong>frui</strong></span> <span class='ocrx_word' id='word_1_48' title='bbox 1717 1477 1753 1532; x_wconf 83' lang='lat' dir='ltr'><strong>de</strong></span> 
     </span>
    </p>
   </div>
   <div class='ocr_carea' id='block_1_9' title="bbox 672 1583 1753 1700">
    <p class='ocr_par' dir='ltr' id='par_1_9' title="bbox 672 1583 1753 1700">
     <span class='ocr_line' id='line_1_9' title="bbox 672 1583 1753 1700; baseline -0.007 -16"><span class='ocrx_word' id='word_1_49' title='bbox 672 1583 818 1686; x_wconf 69' lang='lat' dir='ltr'><strong>territorlb</strong></span> <span class='ocrx_word' id='word_1_50' title='bbox 855 1628 920 1686; x_wconf 85' lang='lat' dir='ltr'><strong>eiua</strong></span> <span class='ocrx_word' id='word_1_51' title='bbox 957 1627 1139 1685; x_wconf 81' lang='lat' dir='ltr'><strong>tonstrinum</strong></span> <span class='ocrx_word' id='word_1_52' title='bbox 1176 1631 1319 1700; x_wconf 84' lang='lat' dir='ltr'><strong>quaestus</strong></span> <span class='ocrx_word' id='word_1_53' title='bbox 1356 1640 1449 1682; x_wconf 84' lang='lat' dir='ltr'><strong>causa</strong></span> <span class='ocrx_word' id='word_1_54' title='bbox 1483 1622 1583 1678; x_wconf 86' lang='lat' dir='ltr'><strong>faciat.</strong></span> <span class='ocrx_word' id='word_1_55' title='bbox 1704 1618 1753 1692; x_wconf 80' lang='lat' dir='ltr'><strong>Qu</strong></span> 
     </span>
    </p>
   </div>
   <div class='ocr_carea' id='block_1_10' title="bbox 672 1726 1756 1829">
    <p class='ocr_par' dir='ltr' id='par_1_10' title="bbox 672 1726 1756 1829">
     <span class='ocr_line' id='line_1_10' title="bbox 672 1726 1756 1829; baseline -0.005 -1"><span class='ocrx_word' id='word_1_56' title='bbox 672 1726 846 1828; x_wconf 68' lang='lat' dir='ltr'><strong>lbnducrori</strong></span> <span class='ocrx_word' id='word_1_57' title='bbox 894 1771 977 1829; x_wconf 86' lang='lat' dir='ltr'><strong>socio</strong></span> <span class='ocrx_word' id='word_1_58' title='bbox 1020 1769 1153 1828; x_wconf 87' lang='lat' dir='ltr'><strong>actorive</strong></span> <span class='ocrx_word' id='word_1_59' title='bbox 1195 1769 1260 1825; x_wconf 85' lang='lat' dir='ltr'><strong>eius</strong></span> <span class='ocrx_word' id='word_1_60' title='bbox 1304 1767 1332 1826; x_wconf 90' lang='lat' dir='ltr'><strong>d.</strong></span> <span class='ocrx_word' id='word_1_61' title='bbox 1363 1768 1391 1825; x_wconf 90' lang='lat' dir='ltr'><strong>d.</strong></span> <span class='ocrx_word' id='word_1_62' title='bbox 1424 1775 1453 1824; x_wconf 89' lang='lat' dir='ltr'><strong>et</strong></span> <span class='ocrx_word' id='word_1_63' title='bbox 1496 1786 1532 1824; x_wconf 87' lang='lat' dir='ltr'><strong>ea</strong></span> <span class='ocrx_word' id='word_1_64' title='bbox 1572 1765 1756 1824; x_wconf 83' lang='lat' dir='ltr'><strong>ferramenta</strong></span> 
     </span>
    </p>
   </div>
   <div class='ocr_carea' id='block_1_11' title="bbox 671 1892 1735 2094">
    <p class='ocr_par' dir='ltr' id='par_1_11' title="bbox 671 1892 1735 2094">
     <span class='ocr_line' id='line_1_11' title="bbox 671 1892 1566 1954; baseline -0.007 0"><span class='ocrx_word' id='word_1_65' title='bbox 671 1897 808 1954; x_wconf 87' lang='lat' dir='ltr'><strong>dominos</strong></span> <span class='ocrx_word' id='word_1_66' title='bbox 883 1904 935 1954; x_wconf 88' lang='lat' dir='ltr'><strong>aut</strong></span> <span class='ocrx_word' id='word_1_67' title='bbox 1008 1913 1169 1953; x_wconf 89' lang='lat' dir='ltr'><strong>conservos</strong></span> <span class='ocrx_word' id='word_1_68' title='bbox 1245 1911 1315 1951; x_wconf 87' lang='lat' dir='ltr'><strong>suos</strong></span> <span class='ocrx_word' id='word_1_69' title='bbox 1389 1892 1566 1949; x_wconf 82' lang='lat' dir='ltr'><strong>curaverint.</strong></span> 
     </span>
     <span class='ocr_line' id='line_1_12' title="bbox 672 2017 1735 2094; baseline -0.004 -16"><span class='ocrx_word' id='word_1_70' title='bbox 672 2022 788 2079; x_wconf 88' lang='lat' dir='ltr'><strong>ductori</strong></span> <span class='ocrx_word' id='word_1_71' title='bbox 824 2023 907 2079; x_wconf 87' lang='lat' dir='ltr'><strong>socio</strong></span> <span class='ocrx_word' id='word_1_72' title='bbox 943 2021 1073 2078; x_wconf 88' lang='lat' dir='ltr'><strong>actorive</strong></span> <span class='ocrx_word' id='word_1_73' title='bbox 1109 2021 1174 2077; x_wconf 86' lang='lat' dir='ltr'><strong>eius</strong></span> <span class='ocrx_word' id='word_1_74' title='bbox 1211 2019 1345 2094; x_wconf 86' lang='lat' dir='ltr'><strong>pignoris</strong></span> <span class='ocrx_word' id='word_1_75' title='bbox 1383 2019 1483 2094; x_wconf 88' lang='lat' dir='ltr'><strong>captio</strong></span> <span class='ocrx_word' id='word_1_76' title='bbox 1519 2027 1595 2076; x_wconf 86' lang='lat' dir='ltr'><strong>esto.</strong></span> <span class='ocrx_word' id='word_1_77' title='bbox 1676 2017 1735 2089; x_wconf 80' lang='lat' dir='ltr'><strong>Qui</strong></span> 
     </span>
    </p>
   </div>
   <div class='ocr_carea' id='block_1_12' title="bbox 673 2144 1755 2237">
    <p class='ocr_par' dir='ltr' id='par_1_12' title="bbox 673 2144 1755 2237">
     <span class='ocr_line' id='line_1_13' title="bbox 673 2144 1755 2237; baseline -0.003 -33"><span class='ocrx_word' id='word_1_78' title='bbox 673 2147 790 2205; x_wconf 88' lang='lat' dir='ltr'><strong>debeto.</strong></span> <span class='ocrx_word' id='word_1_79' title='bbox 946 2145 1121 2204; x_wconf 81' lang='lat' dir='ltr'><strong>Conductor</strong></span> <span class='ocrx_word' id='word_1_80' title='bbox 1174 2164 1265 2202; x_wconf 89' lang='lat' dir='ltr'><strong>unum</strong></span> <span class='ocrx_word' id='word_1_81' title='bbox 1313 2144 1454 2218; x_wconf 86' lang='lat' dir='ltr'><strong>pluresve</strong></span> <span class='ocrx_word' id='word_1_82' title='bbox 1490 2144 1629 2237; x_wconf 32' lang='lat' dir='ltr'><strong>“artifices</strong></span> <span class='ocrx_word' id='word_1_83' title='bbox 1678 2145 1755 2201; x_wconf 90' lang='lat' dir='ltr'><strong>idon·</strong></span> 
     </span>
    </p>
   </div>
   <div class='ocr_carea' id='block_1_13' title="bbox 672 2249 1754 2366">
    <p class='ocr_par' dir='ltr' id='par_1_13' title="bbox 672 2249 1754 2366">
     <span class='ocr_line' id='line_1_14' title="bbox 672 2249 1754 2366; baseline 0.001 -3"><span class='ocrx_word' id='word_1_84' title='bbox 672 2249 925 2364; x_wconf 64' lang='lat' dir='ltr'><strong>llabernarum</strong></span> <span class='ocrx_word' id='word_1_85' title='bbox 994 2287 1242 2361; x_wconf 84' lang='lat' dir='ltr'><strong>fulloniarum.</strong></span> <span class='ocrx_word' id='word_1_86' title='bbox 1448 2307 1637 2366; x_wconf 81' lang='lat' dir='ltr'><strong>Vestimenta</strong></span> <span class='ocrx_word' id='word_1_87' title='bbox 1703 2307 1754 2364; x_wconf 77' lang='lat' dir='ltr'><strong>ruc‘</strong></span> 
     </span>
    </p>
   </div>
   <div class='ocr_carea' id='block_1_14' title="bbox 1295 2391 1487 2400">
    <p class='ocr_par' dir='ltr' id='par_1_14' title="bbox 1295 2391 1487 2400">
     <span class='ocr_line' id='line_1_15' title="bbox 1295 2391 1487 2400; baseline -0.01 0"><span class='ocrx_word' id='word_1_88' title='bbox 1295 2391 1487 2400; x_wconf 75' lang='lat' dir='ltr'><strong>——n——n—</strong></span> 
     </span>
    </p>
   </div>
   <div class='ocr_carea' id='block_1_15' title="bbox 670 2433 1753 2550">
    <p class='ocr_par' dir='ltr' id='par_1_15' title="bbox 670 2433 1753 2550">
     <span class='ocr_line' id='line_1_16' title="bbox 670 2433 1753 2550; baseline -0.003 -15"><span class='ocrx_word' id='word_1_89' title='bbox 670 2433 735 2536; x_wconf 68' lang='lat' dir='ltr'><strong>blus</strong></span> <span class='ocrx_word' id='word_1_90' title='bbox 772 2485 891 2536; x_wconf 86' lang='lat' dir='ltr'><strong>actorve</strong></span> <span class='ocrx_word' id='word_1_91' title='bbox 927 2477 991 2534; x_wconf 85' lang='lat' dir='ltr'><strong>eius</strong></span> <span class='ocrx_word' id='word_1_92' title='bbox 1026 2475 1172 2534; x_wconf 84' lang='lat' dir='ltr'><strong>locaverit</strong></span> <span class='ocrx_word' id='word_1_93' title='bbox 1206 2476 1412 2550; x_wconf 87' lang='lat' dir='ltr'><strong>permiseritve</strong></span> <span class='ocrx_word' id='word_1_94' title='bbox 1447 2474 1546 2533; x_wconf 90' lang='lat' dir='ltr'><strong>liceto.</strong></span> <span class='ocrx_word' id='word_1_95' title='bbox 1641 2473 1701 2546; x_wconf 84' lang='lat' dir='ltr'><strong>Qui</strong></span> <span class='ocrx_word' id='word_1_96' title='bbox 1738 2493 1753 2532; x_wconf 93' lang='lat' dir='ltr'><strong>c</strong></span> 
     </span>
    </p>
   </div>
   <div class='ocr_carea' id='block_1_16' title="bbox 668 2600 1752 2660">
    <p class='ocr_par' dir='ltr' id='par_1_16' title="bbox 668 2600 1752 2660">
     <span class='ocr_line' id='line_1_17' title="bbox 668 2600 1752 2660; baseline -0.004 0"><span class='ocrx_word' id='word_1_97' title='bbox 668 2619 691 2660; x_wconf 80' lang='lat' dir='ltr'>x</span> <span class='ocrx_word' id='word_1_98' title='bbox 734 2619 763 2660; x_wconf 94' lang='grc' dir='ltr'><strong>ιιι</strong></span> <span class='ocrx_word' id='word_1_99' title='bbox 810 2601 984 2660; x_wconf 91' lang='lat' dir='ltr'><strong>conductori</strong></span> <span class='ocrx_word' id='word_1_100' title='bbox 1033 2604 1116 2658; x_wconf 84' lang='lat' dir='ltr'><strong>socio</strong></span> <span class='ocrx_word' id='word_1_101' title='bbox 1166 2603 1296 2658; x_wconf 88' lang='lat' dir='ltr'><strong>actorive</strong></span> <span class='ocrx_word' id='word_1_102' title='bbox 1345 2601 1408 2658; x_wconf 84' lang='lat' dir='ltr'><strong>eius</strong></span> <span class='ocrx_word' id='word_1_103' title='bbox 1452 2601 1480 2657; x_wconf 88' lang='lat' dir='ltr'><strong>d.</strong></span> <span class='ocrx_word' id='word_1_104' title='bbox 1530 2601 1558 2656; x_wconf 93' lang='lat' dir='ltr'><strong>d.</strong></span> <span class='ocrx_word' id='word_1_105' title='bbox 1728 2600 1752 2656; x_wconf 86' lang='grc' dir='ltr'>Ρ</span> 
     </span>
    </p>
   </div>
   <div class='ocr_carea' id='block_1_17' title="bbox 671 2727 1584 2867">
    <p class='ocr_par' dir='ltr' id='par_1_17' title="bbox 671 2727 1584 2867">
     <span class='ocr_line' id='line_1_18' title="bbox 671 2727 1584 2867; baseline -0.008 -24"><span class='ocrx_word' id='word_1_106' title='bbox 671 2727 884 2867; x_wconf 76' lang='lat' dir='ltr'><strong>³S⁸0ripturae</strong></span> <span class='ocrx_word' id='word_1_107' title='bbox 932 2766 1204 2842; x_wconf 84' lang='lat' dir='ltr'><strong>scaurariorum</strong></span> <span class='ocrx_word' id='word_1_108' title='bbox 1254 2777 1292 2839; x_wconf 89' lang='lat' dir='ltr'><strong>et</strong></span> <span class='ocrx_word' id='word_1_109' title='bbox 1336 2763 1584 2839; x_wconf 84' lang='lat' dir='ltr'><strong>testariorum.</strong></span> 
     </span>
    </p>
   </div>
   <div class='ocr_carea' id='block_1_18' title="bbox 672 2912 1750 2992">
    <p class='ocr_par' dir='ltr' id='par_1_18' title="bbox 672 2912 1750 2992">
     <span class='ocr_line' id='line_1_19' title="bbox 672 2912 1750 2992; baseline -0.004 -20"><span class='ocrx_word' id='word_1_110' title='bbox 672 2934 707 2972; x_wconf 84' lang='lat' dir='ltr'><strong>as</strong></span> <span class='ocrx_word' id='word_1_111' title='bbox 764 2915 949 2992; x_wconf 84' lang='lat' dir='ltr'><strong>argentarias</strong></span> <span class='ocrx_word' id='word_1_112' title='bbox 995 2915 1127 2973; x_wconf 87' lang='lat' dir='ltr'><strong>aerarias</strong></span> <span class='ocrx_word' id='word_1_113' title='bbox 1174 2915 1366 2990; x_wconf 90' lang='lat' dir='ltr'><strong>pulveremve</strong></span> <span class='ocrx_word' id='word_1_114' title='bbox 1420 2932 1459 2970; x_wconf 83' lang='lat' dir='ltr'><strong>ex</strong></span> <span class='ocrx_word' id='word_1_115' title='bbox 1514 2912 1646 2970; x_wconf 85' lang='lat' dir='ltr'><strong>scaureis</strong></span> <span class='ocrx_word' id='word_1_116' title='bbox 1696 2917 1750 2968; x_wconf 88' lang='lat' dir='ltr'><strong>rut:</strong></span> 
     </span>
    </p>
   </div>
   <div class='ocr_carea' id='block_1_19' title="bbox 670 3037 1750 3116">
    <p class='ocr_par' dir='ltr' id='par_1_19' title="bbox 670 3037 1750 3116">
     <span class='ocr_line' id='line_1_20' title="bbox 670 3037 1750 3116; baseline -0.004 -18"><span class='ocrx_word' id='word_1_117' title='bbox 670 3041 733 3098; x_wconf 90' lang='lat' dir='ltr'><strong>dire</strong></span> <span class='ocrx_word' id='word_1_118' title='bbox 780 3041 918 3116; x_wconf 84' lang='lat' dir='ltr'><strong>frangere</strong></span> <span class='ocrx_word' id='word_1_119' title='bbox 966 3059 1087 3098; x_wconf 90' lang='lat' dir='ltr'><strong>cernere</strong></span> <span class='ocrx_word' id='word_1_120' title='bbox 1136 3039 1238 3097; x_wconf 85' lang='lat' dir='ltr'><strong>lavare</strong></span> <span class='ocrx_word' id='word_1_121' title='bbox 1284 3039 1365 3096; x_wconf 89' lang='lat' dir='ltr'><strong>volet</strong></span> <span class='ocrx_word' id='word_1_122' title='bbox 1418 3039 1507 3114; x_wconf 88' lang='lat' dir='ltr'><strong>quive</strong></span> <span class='ocrx_word' id='word_1_123' title='bbox 1557 3037 1750 3114; x_wconf 77' lang='lat' dir='ltr'><strong>lapicaedinia</strong></span> 
     </span>
    </p>
   </div>
   <div class='ocr_carea' id='block_1_20' title="bbox 671 3182 1749 3259">
    <p class='ocr_par' dir='ltr' id='par_1_20' title="bbox 671 3182 1749 3259">
     <span class='ocr_line' id='line_1_21' title="bbox 671 3182 1749 3259; baseline -0.007 -15"><span class='ocrx_word' id='word_1_124' title='bbox 671 3203 774 3244; x_wconf 85' lang='lat' dir='ltr'><strong>servos</strong></span> <span class='ocrx_word' id='word_1_125' title='bbox 842 3185 1122 3259; x_wconf 85' lang='lat' dir='ltr'><strong>mercennariosque</strong></span> <span class='ocrx_word' id='word_1_126' title='bbox 1189 3184 1320 3256; x_wconf 88' lang='lat' dir='ltr'><strong>mittent,</strong></span> <span class='ocrx_word' id='word_1_127' title='bbox 1394 3183 1426 3241; x_wconf 90' lang='lat' dir='ltr'><strong>in</strong></span> <span class='ocrx_word' id='word_1_128' title='bbox 1495 3182 1594 3240; x_wconf 90' lang='lat' dir='ltr'><strong>triduo</strong></span> <span class='ocrx_word' id='word_1_129' title='bbox 1664 3201 1749 3258; x_wconf 67' lang='lat' dir='ltr'><strong>proxi</strong></span> 
     </span>
    </p>
   </div>
   <div class='ocr_carea' id='block_1_21' title="bbox 1393 3268 1512 3278">
    <p class='ocr_par' dir='ltr' id='par_1_21' title="bbox 1393 3268 1512 3278">
     <span class='ocr_line' id='line_1_22' title="bbox 1393 3268 1512 3278; baseline -0.008 0"><span class='ocrx_word' id='word_1_130' title='bbox 1393 3268 1512 3278; x_wconf 73' lang='grc' dir='ltr'><strong>..ι-...-</strong></span> 
     </span>
    </p>
   </div>
   <div class='ocr_carea' id='block_1_22' title="bbox 668 3327 1747 3548">
    <p class='ocr_par' dir='ltr' id='par_1_22' title="bbox 668 3327 1747 3548">
     <span class='ocr_line' id='line_1_23' title="bbox 668 3327 1604 3404; baseline -0.001 -18"><span class='ocrx_word' id='word_1_131' title='bbox 668 3331 748 3388; x_wconf 87' lang='lat' dir='ltr'><strong>intra</strong></span> <span class='ocrx_word' id='word_1_132' title='bbox 773 3348 817 3404; x_wconf 91' lang='lat' dir='ltr'><strong>pr.</strong></span> <span class='ocrx_word' id='word_1_133' title='bbox 846 3329 877 3386; x_wconf 87' lang='lat' dir='ltr'><strong>k.</strong></span> <span class='ocrx_word' id='word_1_134' title='bbox 905 3347 1054 3403; x_wconf 88' lang='lat' dir='ltr'><strong>quasque:</strong></span> <span class='ocrx_word' id='word_1_135' title='bbox 1080 3329 1111 3386; x_wconf 90' lang='lat' dir='ltr'><strong>ni</strong></span> <span class='ocrx_word' id='word_1_136' title='bbox 1138 3329 1182 3386; x_wconf 89' lang='lat' dir='ltr'><strong>ita</strong></span> <span class='ocrx_word' id='word_1_137' title='bbox 1206 3327 1345 3399; x_wconf 83' lang='lat' dir='ltr'><strong>fecerint,</strong></span> <span class='ocrx_word' id='word_1_138' title='bbox 1374 3327 1497 3402; x_wconf 90' lang='lat' dir='ltr'><strong>duplum</strong></span> <span class='ocrx_word' id='word_1_139' title='bbox 1526 3327 1554 3384; x_wconf 89' lang='lat' dir='ltr'><strong>d.</strong></span> <span class='ocrx_word' id='word_1_140' title='bbox 1575 3327 1604 3385; x_wconf 90' lang='lat' dir='ltr'><strong>d.</strong></span> 
     </span>
     <span class='ocr_line' id='line_1_24' title="bbox 669 3472 1747 3548; baseline -0.003 -17"><span class='ocrx_word' id='word_1_141' title='bbox 669 3475 744 3532; x_wconf 89' lang='lat' dir='ltr'><strong>fines</strong></span> <span class='ocrx_word' id='word_1_142' title='bbox 786 3473 975 3532; x_wconf 84' lang='lat' dir='ltr'><strong>metallorum</strong></span> <span class='ocrx_word' id='word_1_143' title='bbox 1011 3472 1133 3543; x_wconf 89' lang='lat' dir='ltr'><strong>inferet,</strong></span> <span class='ocrx_word' id='word_1_144' title='bbox 1173 3473 1206 3530; x_wconf 91' lang='lat' dir='ltr'><strong>in</strong></span> <span class='ocrx_word' id='word_1_145' title='bbox 1240 3493 1269 3548; x_wconf 91' lang='lat' dir='ltr'><strong>p.</strong></span> <span class='ocrx_word' id='word_1_146' title='bbox 1308 3487 1327 3530; x_wconf 88' lang='lat' dir='ltr'><strong>c</strong></span> <span class='ocrx_word' id='word_1_147' title='bbox 1363 3488 1385 3528; x_wconf 84' lang='lat' dir='ltr'>x</span> <span class='ocrx_word' id='word_1_148' title='bbox 1420 3489 1429 3528; x_wconf 92' lang='lat'>1</span> <span class='ocrx_word' id='word_1_149' title='bbox 1464 3472 1637 3530; x_wconf 90' lang='lat' dir='ltr'><strong>conductori</strong></span> <span class='ocrx_word' id='word_1_150' title='bbox 1673 3474 1747 3531; x_wconf 80' lang='lat' dir='ltr'><strong>soci&lt;</strong></span> 
     </span>
    </p>
   </div>
   <div class='ocr_carea' id='block_1_23' title="bbox 536 3615 1746 4064">
    <p class='ocr_par' dir='ltr' id='par_1_23' title="bbox 536 3615 1746 4064">
     <span class='ocr_line' id='line_1_25' title="bbox 669 3615 1746 3691; baseline 0.001 -17"><span class='ocrx_word' id='word_1_151' title='bbox 669 3619 728 3675; x_wconf 94' lang='lat' dir='ltr'><strong>tori</strong></span> <span class='ocrx_word' id='word_1_152' title='bbox 770 3621 852 3675; x_wconf 83' lang='lat' dir='ltr'><strong>socio</strong></span> <span class='ocrx_word' id='word_1_153' title='bbox 895 3617 1026 3674; x_wconf 86' lang='lat' dir='ltr'><strong>aetorive</strong></span> <span class='ocrx_word' id='word_1_154' title='bbox 1070 3617 1134 3674; x_wconf 81' lang='lat' dir='ltr'><strong>eius</strong></span> <span class='ocrx_word' id='word_1_155' title='bbox 1177 3615 1332 3674; x_wconf 89' lang='lat' dir='ltr'><strong>debebitur</strong></span> <span class='ocrx_word' id='word_1_156' title='bbox 1374 3635 1470 3691; x_wconf 89' lang='lat' dir='ltr'><strong>neque</strong></span> <span class='ocrx_word' id='word_1_157' title='bbox 1514 3636 1550 3675; x_wconf 88' lang='lat' dir='ltr'><strong>ea</strong></span> <span class='ocrx_word' id='word_1_158' title='bbox 1585 3617 1642 3689; x_wconf 89' lang='lat' dir='ltr'><strong>die,</strong></span> <span class='ocrx_word' id='word_1_159' title='bbox 1686 3635 1746 3691; x_wconf 88' lang='lat' dir='ltr'><strong>qua</strong></span> 
     </span>
     <span class='ocr_line' id='line_1_26' title="bbox 669 3741 1746 3819; baseline -0.003 -17"><span class='ocrx_word' id='word_1_160' title='bbox 669 3741 852 3802; x_wconf 75' lang='lat' dir='ltr'><strong>conductori</strong></span> <span class='ocrx_word' id='word_1_161' title='bbox 905 3744 988 3801; x_wconf 87' lang='lat' dir='ltr'><strong>socio</strong></span> <span class='ocrx_word' id='word_1_162' title='bbox 1042 3741 1173 3799; x_wconf 88' lang='lat' dir='ltr'><strong>actorive</strong></span> <span class='ocrx_word' id='word_1_163' title='bbox 1227 3741 1291 3799; x_wconf 81' lang='lat' dir='ltr'><strong>eiua</strong></span> <span class='ocrx_word' id='word_1_164' title='bbox 1345 3742 1454 3816; x_wconf 86' lang='lat' dir='ltr'><strong>pignus</strong></span> <span class='ocrx_word' id='word_1_165' title='bbox 1507 3761 1614 3819; x_wconf 87' lang='lat' dir='ltr'><strong>capere</strong></span> <span class='ocrx_word' id='word_1_166' title='bbox 1667 3744 1746 3801; x_wconf 77' lang='lat' dir='ltr'><strong>licet(</strong></span> 
     </span>
     <span class='ocr_line' id='line_1_27' title="bbox 536 3863 1745 3948; baseline 0.001 -22"><span class='ocrx_word' id='word_1_167' title='bbox 536 3863 643 3948; x_wconf 59' lang='grc' dir='ltr'>[αθξὸῃ]</span> <span class='ocrx_word' id='word_1_168' title='bbox 666 3877 727 3926; x_wconf 92' lang='lat' dir='ltr'><strong>tum</strong></span> <span class='ocrx_word' id='word_1_169' title='bbox 797 3876 911 3926; x_wconf 90' lang='lat' dir='ltr'><strong>cretum</strong></span> <span class='ocrx_word' id='word_1_170' title='bbox 978 3867 1169 3942; x_wconf 87' lang='lat' dir='ltr'><strong>lavatumque</strong></span> <span class='ocrx_word' id='word_1_171' title='bbox 1239 3865 1295 3923; x_wconf 89' lang='lat' dir='ltr'><strong>erit</strong></span> <span class='ocrx_word' id='word_1_172' title='bbox 1363 3867 1451 3942; x_wconf 89' lang='lat' dir='ltr'><strong>quive</strong></span> <span class='ocrx_word' id='word_1_173' title='bbox 1519 3868 1636 3945; x_wconf 83' lang='lat' dir='ltr'><strong>lapidea</strong></span> <span class='ocrx_word' id='word_1_174' title='bbox 1703 3869 1745 3926; x_wconf 80' lang='lat' dir='ltr'><strong>lar</strong></span> 
     </span>
     <span class='ocr_line' id='line_1_28' title="bbox 598 3986 1744 4064; baseline 0.002 -18"><span class='ocrx_word' id='word_1_175' title='bbox 598 4007 623 4046; x_wconf 76' lang='lat' dir='ltr'><strong>aa</strong></span> <span class='ocrx_word' id='word_1_176' title='bbox 666 3988 739 4064; x_wconf 89' lang='lat' dir='ltr'><strong>quid</strong></span> <span class='ocrx_word' id='word_1_177' title='bbox 781 3987 910 4046; x_wconf 88' lang='lat' dir='ltr'><strong>debitum</strong></span> <span class='ocrx_word' id='word_1_178' title='bbox 954 3988 1010 4044; x_wconf 90' lang='lat' dir='ltr'><strong>erit</strong></span> <span class='ocrx_word' id='word_1_179' title='bbox 1052 3986 1224 4045; x_wconf 90' lang='lat' dir='ltr'><strong>conductori</strong></span> <span class='ocrx_word' id='word_1_180' title='bbox 1269 3986 1352 4045; x_wconf 86' lang='lat' dir='ltr'><strong>socio</strong></span> <span class='ocrx_word' id='word_1_181' title='bbox 1395 3989 1527 4045; x_wconf 86' lang='lat' dir='ltr'><strong>aetorive</strong></span> <span class='ocrx_word' id='word_1_182' title='bbox 1570 3989 1633 4047; x_wconf 87' lang='lat' dir='ltr'><strong>eius</strong></span> <span class='ocrx_word' id='word_1_183' title='bbox 1676 3989 1744 4048; x_wconf 82' lang='lat' dir='ltr'><strong>solu</strong></span> 
     </span>
    </p>
   </div>
   <div class='ocr_carea' id='block_1_24' title="bbox 574 4107 1744 4469">
    <p class='ocr_par' dir='ltr' id='par_1_24' title="bbox 574 4107 1744 4469">
     <span class='ocr_line' id='line_1_29' title="bbox 666 4107 1744 4184; baseline 0.001 -18"><span class='ocrx_word' id='word_1_184' title='bbox 666 4109 805 4167; x_wconf 73' lang='lat' dir='ltr'><strong>{latorum</strong></span> <span class='ocrx_word' id='word_1_185' title='bbox 932 4107 1168 4184; x_wconf 85' lang='lat' dir='ltr'><strong>argentariorum</strong></span> <span class='ocrx_word' id='word_1_186' title='bbox 1295 4109 1478 4167; x_wconf 84' lang='lat' dir='ltr'><strong>aerariorum</strong></span> <span class='ocrx_word' id='word_1_187' title='bbox 1514 4109 1566 4184; x_wconf 92' lang='lat' dir='ltr'><strong>qui</strong></span> <span class='ocrx_word' id='word_1_188' title='bbox 1691 4111 1744 4168; x_wconf 88' lang='lat' dir='ltr'><strong>flat</strong></span> 
     </span>
     <span class='ocr_line' id='line_1_30' title="bbox 667 4225 1689 4327; baseline 0.007 -26"><span class='ocrx_word' id='word_1_189' title='bbox 667 4225 763 4302; x_wconf 80' lang='lat' dir='ltr'><strong>Ludi</strong></span> <span class='ocrx_word' id='word_1_190' title='bbox 840 4226 1018 4327; x_wconf 80' lang='lat' dir='ltr'><strong>magistri.</strong></span> <span class='ocrx_word' id='word_1_191' title='bbox 1319 4247 1415 4308; x_wconf 89' lang='lat' dir='ltr'><strong>-Ludi</strong></span> <span class='ocrx_word' id='word_1_192' title='bbox 1457 4249 1620 4327; x_wconf 80' lang='lat' dir='ltr'><strong>magistros</strong></span> <span class='ocrx_word' id='word_1_193' title='bbox 1670 4269 1689 4307; x_wconf 87' lang='lat' dir='ltr'><strong>a</strong></span> 
     </span>
     <span class='ocr_line' id='line_1_31' title="bbox 574 4367 1624 4469; baseline -0.008 -21"><span class='ocrx_word' id='word_1_194' title='bbox 574 4387 625 4465; x_wconf 77' lang='lat' dir='ltr'><strong>[a]</strong></span> <span class='ocrx_word' id='word_1_195' title='bbox 668 4367 935 4468; x_wconf 82' lang='lat' dir='ltr'><strong>Usurpationes</strong></span> <span class='ocrx_word' id='word_1_196' title='bbox 987 4377 1185 4469; x_wconf 87' lang='lat' dir='ltr'><strong>puteorum</strong></span> <span class='ocrx_word' id='word_1_197' title='bbox 1238 4367 1331 4444; x_wconf 80' lang='lat' dir='ltr'><strong>sive·</strong></span> <span class='ocrx_word' id='word_1_198' title='bbox 1365 4367 1624 4468; x_wconf 86' lang='lat' dir='ltr'><strong>pittaciarium.</strong></span> 
     </span>
    </p>
   </div>
   <div class='ocr_carea' id='block_1_25' title="bbox 667 4510 1737 4589">
    <p class='ocr_par' dir='ltr' id='par_1_25' title="bbox 667 4510 1737 4589">
     <span class='ocr_line' id='line_1_32' title="bbox 667 4510 1737 4589; baseline 0.002 -20"><span class='ocrx_word' id='word_1_199' title='bbox 667 4529 725 4586; x_wconf 90' lang='lat' dir='ltr'><strong>que</strong></span> <span class='ocrx_word' id='word_1_200' title='bbox 772 4512 854 4589; x_wconf 89' lang='lat' dir='ltr'><strong>putei</strong></span> <span class='ocrx_word' id='word_1_201' title='bbox 901 4512 978 4572; x_wconf 85' lang='lat' dir='ltr'><strong>iuris</strong></span> <span class='ocrx_word' id='word_1_202' title='bbox 1026 4511 1175 4571; x_wconf 88' lang='lat' dir='ltr'><strong>retinendi</strong></span> <span class='ocrx_word' id='word_1_203' title='bbox 1228 4529 1321 4570; x_wconf 85' lang='lat' dir='ltr'><strong>causa</strong></span> <span class='ocrx_word' id='word_1_204' title='bbox 1368 4510 1528 4586; x_wconf 87' lang='lat' dir='ltr'><strong>usurpabit</strong></span> <span class='ocrx_word' id='word_1_205' title='bbox 1580 4513 1737 4588; x_wconf 75' lang='lat' dir='ltr'><strong>occupabit</strong></span> 
     </span>
    </p>
   </div>
   <div class='ocr_carea' id='block_1_26' title="bbox 598 4631 1649 4710">
    <p class='ocr_par' dir='ltr' id='par_1_26' title="bbox 598 4631 1649 4710">
     <span class='ocr_line' id='line_1_33' title="bbox 598 4631 1649 4710; baseline 0.002 -20"><span class='ocrx_word' id='word_1_206' title='bbox 598 4650 624 4690; x_wconf 86' lang='lat' dir='ltr'><strong>eo</strong></span> <span class='ocrx_word' id='word_1_207' title='bbox 665 4631 742 4691; x_wconf 87' lang='lat' dir='ltr'><strong>verit</strong></span> <span class='ocrx_word' id='word_1_208' title='bbox 819 4632 901 4710; x_wconf 87' lang='lat' dir='ltr'><strong>apud</strong></span> <span class='ocrx_word' id='word_1_209' title='bbox 984 4632 1193 4692; x_wconf 86' lang='lat' dir='ltr'><strong>conductorem</strong></span> <span class='ocrx_word' id='word_1_210' title='bbox 1278 4631 1393 4690; x_wconf 84' lang='lat' dir='ltr'><strong>socium</strong></span> <span class='ocrx_word' id='word_1_211' title='bbox 1482 4640 1649 4692; x_wconf 85' lang='lat' dir='ltr'><strong>actoremve</strong></span> 
     </span>
    </p>
   </div>
   <div class='ocr_carea' id='block_1_27' title="bbox 665 5024 1767 5204">
    <p class='ocr_par' dir='ltr' id='par_1_27' title="bbox 665 5024 1767 5204">
     <span class='ocr_line' id='line_1_34' title="bbox 667 5024 1767 5104; baseline 0 -20"><span class='ocrx_word' id='word_1_212' title='bbox 667 5027 704 5084; x_wconf 90' lang='grc'><strong>31</strong></span> <span class='ocrx_word' id='word_1_213' title='bbox 729 5024 801 5082; x_wconf 76' lang='lat' dir='ltr'><strong>Post</strong></span> <span class='ocrx_word' id='word_1_214' title='bbox 823 5041 884 5084; x_wconf 73' lang='lat' dir='ltr'><strong>racc</strong></span> <span class='ocrx_word' id='word_1_215' title='bbox 899 5029 1031 5102; x_wconf 78' lang='lat' dir='ltr'><strong>sortasse</strong></span> <span class='ocrx_word' id='word_1_216' title='bbox 1052 5034 1074 5083; x_wconf 72' lang='lat' dir='ltr'>N</span> <span class='ocrx_word' id='word_1_217' title='bbox 1096 5027 1198 5084; x_wconf 78' lang='lat' dir='ltr'><strong>eccidit</strong></span> <span class='ocrx_word' id='word_1_218' title='bbox 1343 5027 1462 5104; x_wconf 83' lang='lat' dir='ltr'><strong>[diebus</strong></span> <span class='ocrx_word' id='word_1_219' title='bbox 1485 5027 1556 5104; x_wconf 85' lang='lat' dir='ltr'>xxx]</span> <span class='ocrx_word' id='word_1_220' title='bbox 1572 5027 1738 5087; x_wconf 77' lang='lat' dir='ltr'><strong>Buechelerr</strong></span> <span class='ocrx_word' id='word_1_221' title='bbox 1766 5035 1767 5100; x_wconf 82' lang='lat' dir='ltr'><strong>j</strong></span> 
     </span>
     <span class='ocr_line' id='line_1_35' title="bbox 665 5119 1767 5204; baseline 0.003 -20"><span class='ocrx_word' id='word_1_222' title='bbox 665 5128 706 5185; x_wconf 91' lang='lat' dir='ltr'><strong>rit</strong></span> <span class='ocrx_word' id='word_1_223' title='bbox 726 5127 909 5204; x_wconf 85' lang='lat' dir='ltr'><strong>permise]rit</strong></span> <span class='ocrx_word' id='word_1_224' title='bbox 929 5129 1122 5187; x_wconf 82' lang='lat' dir='ltr'><strong>Buecbctcrua</strong></span> <span class='ocrx_word' id='word_1_225' title='bbox 1301 5131 1341 5188; x_wconf 89' lang='grc'><strong>40</strong></span> <span class='ocrx_word' id='word_1_226' title='bbox 1364 5132 1513 5190; x_wconf 87' lang='lat' dir='ltr'><strong>curaverit</strong></span> <span class='ocrx_word' id='word_1_227' title='bbox 1533 5150 1582 5190; x_wconf 79' lang='lat' dir='ltr'><strong>aas</strong></span> <span class='ocrx_word' id='word_1_228' title='bbox 1604 5131 1642 5187; x_wconf 87' lang='lat' dir='ltr'><strong>II</strong></span> <span class='ocrx_word' id='word_1_229' title='bbox 1766 5119 1767 5126; x_wconf 9' lang='grc' dir='ltr'>ἵ</span> 
     </span>
    </p>
   </div>
   <div class='ocr_carea' id='block_1_28' title="bbox 667 5230 1736 5413">
    <p class='ocr_par' dir='ltr' id='par_1_28' title="bbox 667 5230 1736 5413">
     <span class='ocr_line' id='line_1_36' title="bbox 667 5230 1735 5310; baseline 0.004 -23"><span class='ocrx_word' id='word_1_230' title='bbox 667 5231 705 5288; x_wconf 85' lang='grc'><strong>47</strong></span> <span class='ocrx_word' id='word_1_231' title='bbox 733 5230 900 5288; x_wconf 86' lang='lat' dir='ltr'><strong>rutramina</strong></span> <span class='ocrx_word' id='word_1_232' title='bbox 921 5249 970 5288; x_wconf 81' lang='lat' dir='ltr'><strong>aes</strong></span> <span class='ocrx_word' id='word_1_233' title='bbox 1172 5232 1340 5309; x_wconf 84' lang='lat' dir='ltr'><strong>pondu[sve</strong></span> <span class='ocrx_word' id='word_1_234' title='bbox 1362 5244 1441 5292; x_wconf 90' lang='lat' dir='ltr'><strong>emet</strong></span> <span class='ocrx_word' id='word_1_235' title='bbox 1462 5234 1551 5310; x_wconf 88' lang='lat' dir='ltr'><strong>quive</strong></span> <span class='ocrx_word' id='word_1_236' title='bbox 1572 5249 1701 5308; x_wconf 82' lang='lat' dir='ltr'><strong>purgare</strong></span> <span class='ocrx_word' id='word_1_237' title='bbox 1723 5242 1735 5291; x_wconf 95' lang='lat' dir='ltr'><strong>t</strong></span> 
     </span>
     <span class='ocr_line' id='line_1_37' title="bbox 667 5331 1736 5413; baseline 0 -21"><span class='ocrx_word' id='word_1_238' title='bbox 667 5333 704 5392; x_wconf 87' lang='lat'><strong>51</strong></span> <span class='ocrx_word' id='word_1_239' title='bbox 728 5334 806 5392; x_wconf 80' lang='lat' dir='ltr'><strong>coloe</strong></span> <span class='ocrx_word' id='word_1_240' title='bbox 827 5331 956 5409; x_wconf 89' lang='lat' dir='ltr'><strong>p(ond0)</strong></span> <span class='ocrx_word' id='word_1_241' title='bbox 980 5347 998 5390; x_wconf 87' lang='lat' dir='ltr'><strong>c</strong></span> <span class='ocrx_word' id='word_1_242' title='bbox 1022 5331 1168 5410; x_wconf 89' lang='lat' dir='ltr'><strong>(centum)</strong></span> <span class='ocrx_word' id='word_1_243' title='bbox 1362 5334 1401 5394; x_wconf 80' lang='lat'><strong>52</strong></span> <span class='ocrx_word' id='word_1_244' title='bbox 1424 5335 1453 5394; x_wconf 88' lang='lat' dir='ltr'><strong>d.</strong></span> <span class='ocrx_word' id='word_1_245' title='bbox 1468 5335 1497 5394; x_wconf 91' lang='lat' dir='ltr'><strong>d.</strong></span> <span class='ocrx_word' id='word_1_246' title='bbox 1514 5337 1541 5394; x_wconf 91' lang='lat' dir='ltr'><strong>d.</strong></span> <span class='ocrx_word' id='word_1_247' title='bbox 1565 5336 1643 5394; x_wconf 78' lang='lat' dir='ltr'><strong>coloe</strong></span> <span class='ocrx_word' id='word_1_248' title='bbox 1664 5334 1736 5413; x_wconf 83' lang='lat' dir='ltr'><strong>d(up</strong></span> 
     </span>
    </p>
   </div>
   <div class='ocr_carea' id='block_1_29' title="bbox 0 0 1802 6040">
    <p class='ocr_par' dir='ltr' id='par_1_29' title="bbox 0 0 1802 6040">
     <span class='ocr_line' id='line_1_38' title="bbox 0 0 1802 6040; baseline 0 0"><span class='ocrx_word' id='word_1_249' title='bbox 0 0 1802 6040; x_wconf 95' lang='lat' dir='ltr'><strong> </strong></span> 
     </span>
    </p>
   </div>
  </div>
 </body>
</html>
