3632 6040
662 606 712 656 na
731 604 858 657 staats
878 603 970 655 orrs.
1431 585 1477 656 63

147 787 276 836 constat.
322 778 375 836 sed
397 796 503 837 rursus
526 778 616 838 modo
638 781 680 837 acl
701 782 807 838 circum
828 799 863 835 ra.
888 778 945 853 (ita
965 777 1026 836 kal.
1050 775 1204 836 Summani
1227 786 1256 834 et
1278 777 1418 837 Herculis
1440 779 1485 836 in-

146 880 243 956 victi),
267 881 358 938 modo
381 885 563 940 incircum.
587 880 644 956 (ita
665 879 772 939 Livius
794 881 844 951 37,
860 880 899 938 36
927 881 1031 938 aedem
1054 879 1236 956 Iuventatis)
1264 879 1360 938 fuisse
1382 880 1484 938 dicun·

146 993 204 1042 tar.
250 982 354 1043 eadem
383 983 584 1060 discrepantia
613 983 643 1041 in
669 983 779 1058 templo
803 981 873 1058 Spei
902 985 943 1041 acl
961 985 1063 1058 sorum
1089 983 1252 1042 holitorium
1282 987 1381 1058 posito
1409 990 1485 1042 teste

146 1085 209 1145 kal.
232 1084 315 1143 Vall.
339 1086 424 1158 Ara,
446 1089 476 1144 la
492 1087 562 1160 soro
585 1085 612 1144 l.
634 1094 709 1144 teste
731 1084 819 1143 Livio
842 1085 892 1158 21,
910 1083 959 1156 62,
982 1085 1111 1161 denique
1140 1086 1170 1143 in
1198 1084 1316 1159 templis
1339 1085 1484 1144 kalenda-

146 1189 261 1246 riorum
284 1205 343 1246 usu
366 1188 513 1246 constanti
539 1189 699 1263 adforent
727 1187 816 1246 dictis
840 1185 972 1259 Saturni,
1002 1186 1090 1264 Opis,
1119 1187 1180 1246 divi
1202 1187 1282 1260 Iulii,
1306 1186 1431 1246 aliorum
1453 1189 1484 1244 in

142 1293 224 1366 soro,
249 1290 287 1348 ad
311 1308 387 1366 quae
409 1290 489 1348 infra
510 1289 694 1348 redeundum
718 1299 773 1349 est.

234 1393 263 1449 4.
310 1390 371 1452 Sed
393 1393 431 1451 ab
454 1393 510 1450 hac
532 1392 674 1469 loquendi
697 1392 910 1466 inconstantia,
934 1411 1022 1468 quam
1044 1412 1076 1450 re
1099 1411 1171 1451 vera
1193 1391 1306 1450 nullam
1322 1411 1392 1452 esse
1414 1411 1484 1452 con·

148 1495 291 1566 cesseris,
313 1501 377 1553 toto
399 1495 483 1554 caelo
508 1494 634 1553 distaret
656 1502 685 1552 et
707 1495 860 1554 nominum
888 1495 992 1572 templi
1015 1493 1092 1571 Opis
1114 1497 1156 1554 ad
1170 1495 1269 1570 soram
1293 1506 1322 1553 et
1343 1499 1373 1554 ln
1398 1496 1483 1571 Capi-

149 1597 217 1656 tolio
241 1597 412 1668 diversitas,
435 1615 496 1674 qua
518 1597 555 1656 de
577 1597 703 1673 agimus,
726 1607 755 1656 et
777 1597 928 1656 nominum
952 1597 1054 1655 sacelli
1079 1594 1171 1655 Consi
1193 1601 1223 1654 la
1240 1596 1381 1656 Auentino
1403 1605 1433 1656 et
1454 1601 1485 1655 ia

148 1701 235 1771 circo,
258 1699 427 1776 dequibus
450 1699 622 1758 nominibus
637 1718 716 1758 nuno
738 1701 843 1776 paucis
866 1699 1032 1758 absolvam.
1077 1697 1262 1774 Capitolium
1284 1699 1375 1775 igitur
1389 1708 1420 1759 et
1440 1699 1483 1757 lo·

147 1822 214 1860 rum
236 1807 306 1879 ipso
335 1801 394 1860 situ
421 1803 465 1860 ita
485 1801 614 1860 discreta
642 1810 711 1861 sunt
732 1811 766 1860 ut
787 1801 825 1860 ad
845 1803 943 1860 foram
970 1821 1030 1860 non
1053 1802 1150 1877 possit
1176 1801 1270 1860 luisse
1292 1801 1372 1877 quod
1394 1801 1485 1860 luerit

148 1905 179 1962 in
202 1901 366 1980 Capitolio.
410 1923 507 1981 neque
533 1911 652 1981 praeter
680 1901 802 1964 Saturni
828 1904 970 1982 templum
994 1904 1074 1962 aliud
1100 1904 1193 1962 ullum
1217 1903 1318 1961 audivi
1340 1903 1483 1962 creditum

149 2024 217 2065 esse
249 2015 377 2082 utraque
409 2005 466 2064 hac
498 2006 700 2083 appellatione
731 2006 867 2084 potuisse
900 2006 1071 2082 significari.
1115 2024 1169 2064 nec
1192 2025 1294 2064 rerum
1319 2013 1375 2077 est,
1402 2005 1483 2080 qnod

150 2108 356 2168 excusationis
378 2121 470 2166 causa
492 2107 609 2181 dicitur,
632 2109 663 2166 in
686 2108 794 2166 declivi
815 2109 926 2166 montis
949 2117 1029 2166 stare
1045 2106 1166 2168 Saturni
1188 2107 1346 2183 templum:
1369 2115 1485 2166 statut

148 2211 229 2269 infra
243 2211 358 2269 dicetur
380 2211 435 2269 sub
457 2209 534 2268 clivo
551 2208 733 2286 Capitolino,
756 2228 843 2286 quem
865 2211 965 2267 locum
987 2228 1075 2268 nemo
1098 2228 1226 2285 unquam
1249 2228 1304 2285 pro
1326 2217 1411 2285 parte
1426 2207 1484 2268 Ca·

148 2313 247 2392 pitolii
275 2313 449 2371 venditavit.
495 2312 548 2372 sed
575 2312 613 2370 ad
634 2310 754 2372 Saturni
781 2311 883 2370 aedem
910 2312 989 2370 infra
1015 2311 1197 2371 redeundum
1225 2319 1279 2370 est.
1323 2311 1360 2368 de
1385 2309 1481 2370 Consi

150 2416 245 2474 sacris
273 2415 354 2480 binis
384 2416 457 2474 olim
483 2434 542 2474 non
570 2413 736 2472 dubitatum
763 2426 817 2473 est.
861 2432 931 2472 nam
954 2411 1049 2472 Consi
1076 2433 1158 2472 aram
1185 2416 1311 2472 iccirco
1334 2415 1385 2472 aab
1408 2424 1484 2472 terra

149 2520 320 2593 adprimus
342 2530 430 2578 metas
452 2517 546 2576 fuisse
561 2516 742 2576 Tertulliani
759 2518 850 2575 verba
869 2517 980 2574 totiens
1001 2515 1159 2574 decantata
1181 2523 1344 2576 testantur:
1367 2516 1424 2574 hoc
1439 2525 1485 2574 est

150 2619 188 2678 ad
214 2629 305 2698 caput
332 2621 436 2696 spinae
463 2619 493 2677 in
520 2619 589 2695 ipsa
617 2619 729 2678 harena
755 2639 790 2676 eo
818 2619 883 2676 loco
911 2637 971 2695 quo
999 2619 1087 2676 etiam
1119 2619 1149 2676 in
1181 2618 1261 2676 circo
1289 2619 1484 2678 Maxentiano

150 2741 232 2780 aram
257 2723 312 2780 snb
335 2730 415 2781 terra
437 2721 586 2780 conditam
609 2721 707 2779 fuisse
729 2741 806 2780 nunc
821 2739 941 2797 quoque
958 2721 1115 2779 cernimus.
1159 2720 1239 2796 quod
1261 2721 1352 2797 igitur
1374 2723 1405 2781 in
1420 2723 1485 2797 pla·

149 2825 225 2882 nicia
253 2825 384 2882 harenae
410 2825 516 2895 luerit,
539 2823 569 2881 id
597 2827 627 2882 in
650 2823 789 2882 Auentino
817 2825 911 2882 luisse
934 2823 1024 2880 nullis
1046 2823 1193 2881 machinis
1215 2824 1350 2882 effeceris
1373 2843 1391 2881 a
1411 2841 1484 2900 quo-

150 2947 239 3002 quam
273 2926 410 3002 potuisse
442 2926 501 2984 dici
533 2925 651 2985 Latine.
699 2927 801 3002 itaque
834 2945 900 2984 cum
934 2926 1062 3003 legimus
1095 2924 1189 2984 Conso
1221 2929 1251 2982 la
1281 2926 1422 2984 Auentino
1455 2927 1483 2984 d.

152 3029 188 3086 21
214 3031 295 3105 Aug.
318 3028 426 3104 (Vall.)
449 3039 479 3086 et
499 3028 526 3087 d.
553 3028 590 3086 12
615 3029 688 3087 Deo.
713 3028 834 3105 (Amit.)
857 3029 967 3086 factum
994 3045 1070 3099 esse,
1092 3027 1245 3086 Beckerus
1271 3047 1300 3105 p.
1317 3027 1377 3085 450
1401 3027 1485 3086 Prel-

150 3132 231 3189 lerus
255 3131 351 3207 Myth.
374 3151 404 3208 p.
421 3129 478 3188 421
505 3130 556 3189 alii
583 3131 748 3191 rectissime
775 3132 832 3188 hoc
861 3128 953 3189 Consi
980 3130 1123 3208 templum
1153 3131 1190 3187 ab
1216 3149 1268 3188 ara
1290 3128 1383 3189 Consi
1410 3130 1484 3187 solis

149 3236 335 3294 circensibus
350 3234 429 3292 ludis
450 3233 615 3310 conspicua
635 3234 846 3292 discreverunt.
891 3233 1005 3292 accedit
1019 3233 1099 3308 quod
1114 3233 1211 3309 ipsius
1227 3232 1374 3292 Varronis
1395 3233 1486 3291 verba

151 3339 208 3395 hoc
231 3338 305 3396 satis
328 3337 409 3394 clare
431 3337 645 3395 demonstrant.
689 3355 759 3394 nam
781 3335 824 3394 ita
849 3336 982 3411 loquitur
1003 3335 1040 3392 de
1062 3335 1081 3394 l.
1098 3336 1118 3393 l.
1142 3336 1170 3407 6,
1194 3333 1233 3393 20
1256 3334 1300 3410 (p.
1318 3332 1377 3392 202
1401 3332 1484 3410 Sp.):

154 3439 314 3499 Consualia
330 3441 408 3498 dicta
430 3459 449 3497 a
467 3439 568 3510 Conso,
591 3439 669 3514 quod
689 3449 747 3496 tunt
761 3441 858 3514 seriae
877 3438 1009 3514 publicae
1025 3440 1051 3495 ei
1072 3438 1133 3508 deo,
1157 3448 1183 3495 et
1203 3441 1233 3494 in
1256 3441 1332 3497 circo
1347 3439 1389 3495 ad
1402 3455 1486 3495 aram

150 3547 210 3601 elus
244 3543 280 3598 ab
314 3541 509 3600 sacerdotibus
543 3542 605 3598 ludi
635 3541 680 3598 illi
713 3541 814 3616 quibas
847 3544 971 3616 sirpines
1000 3539 1127 3598 Sabinae
1153 3550 1263 3615 raptae.
1308 3540 1355 3598 bis
1386 3539 1485 3597 verbis

150 3646 357 3702 Mommsenus
380 3642 414 3702 C.
436 3644 461 3702 Ι.
484 3643 520 3702 L.
547 3645 559 3700 l
585 3661 613 3718 p.
630 3643 691 3700 400
714 3642 831 3700 videtur
852 3653 976 3718 putasse
999 3662 1017 3700 a
1037 3643 1207 3719 glossatore
1227 3641 1322 3700 inlata
1344 3659 1412 3701 esse
1434 3642 1486 3700 illa

151 3748 187 3805 ab
210 3747 407 3806 sacerdotibus
415 3767 424 3818 ;
447 3745 548 3804 omisit
570 3745 662 3803 enim:
689 3763 766 3820 quae
793 3749 818 3802 si
840 3745 897 3802 fuit
918 3745 1066 3804 sententia
1088 3745 1163 3815 eius,
1186 3743 1307 3802 minime
1329 3744 1357 3802 ei
1379 3743 1485 3802 adsen-

150 3851 218 3907 tior.
265 3848 476 3907 sacrificabant
497 3848 575 3906 enim
599 3856 675 3906 teste
697 3847 886 3904 Tertulliano
909 3848 988 3924 apud
1010 3867 1091 3905 aram
1116 3845 1210 3905 Consi
1232 3849 1314 3904 nonis
1329 3845 1416 3902 Iuliis
1438 3865 1485 3904 sa·

150 3953 277 4010 cordatos
299 3950 408 4026 publici
431 3951 502 4026 (hoc
517 3959 564 4008 est
577 3949 743 4026 pontifices,
766 3950 912 4021 flamines,
936 3949 1066 4024 virgines
1082 3949 1219 4024 Vestae),
1244 3947 1316 4005 XII
1326 3947 1385 4004 kal.
1402 3946 1482 4022 Sept.

142 4057 253 4130 flamen
278 4051 441 4122 Quirinalis
464 4062 490 4110 at
510 4055 644 4128 virgines.
687 4051 747 4109 iam
770 4069 912 4128 compara
937 4051 990 4109 illa
1011 4051 1047 4109 de
1070 4050 1276 4126 Opiconsiviis
1306 4049 1387 4107 dicta
1411 4048 1485 4125 Ope-

151 4158 281 4214 coasloio
297 4157 357 4213 dies
373 4155 408 4212 ab
431 4155 485 4212 dea
505 4153 701 4230 Opeconsiua,
724 4157 826 4230 quoius
841 4157 871 4211 in
894 4157 975 4230 rapio
990 4157 1163 4225 sacrarium,
1186 4153 1265 4229 quod
1283 4155 1346 4211 ideo
1362 4149 1485 4223 'sactum

149 4270 182 4316 ut
195 4278 226 4318 eo
244 4268 364 4335 praeter
378 4260 501 4333 viraines
517 4254 645 4315 Vestales
667 4266 693 4314 et
714 4258 887 4316 sacerdotem
905 4257 1052 4332 publicam
1068 4259 1189 4314 introcat
1209 4275 1305 4314 aanor
1325 4255 1355 4311 in
1378 4255 1485 4331 quibus

150 4361 252 4420 verbis
274 4359 355 4435 quod
377 4371 549 4436 corruptum
573 4367 618 4418 est
640 4378 828 4436 quocumque
851 4358 940 4417 modo
967 4360 1101 4436 corrigas
1127 4357 1352 4434 (temptavimus
1375 4376 1430 4433 quo
1453 4358 1488 4414 de

153 4473 283 4523 sanctum
305 4461 495 4533 Huschkius,
523 4464 601 4538 quod
625 4463 687 4520 ideo
710 4470 804 4520 artum
826 4462 911 4537 ego),
938 4471 1037 4520 tamen
1060 4461 1174 4536 liquido
1197 4469 1322 4537 apparet
1343 4458 1486 4518 contineri

153 4564 328 4624 memoriam
351 4564 428 4622 sacri
452 4583 470 4621 a
492 4564 567 4622 solis
589 4564 637 4623 his
661 4563 865 4622 sacerdotibus
887 4564 959 4622 facti
981 4565 1012 4622 in
1033 4564 1117 4640 regia
1138 4570 1256 4640 praeter
1280 4563 1371 4620 ferias
1393 4560 1486 4618 maio-

154 4686 201 4726 res
224 4666 262 4724 ad
279 4665 357 4742 Opis
371 4673 465 4725 actas.
510 4665 563 4724 sed
581 4666 618 4725 de
634 4684 721 4726 sacro
742 4667 773 4724 in
788 4670 872 4742 regia
890 4666 970 4724 facto
992 4665 1072 4724 infra
1086 4665 1192 4723 dicam.
1237 4663 1374 4723 similiter
1395 4661 1487 4738 igitur

154 4767 255 4828 Conso
277 4769 390 4826 factum
413 4769 527 4828 dixeris
549 4787 568 4826 a
590 4768 797 4828 sacerdotibus
820 4768 857 4826 ad
880 4787 962 4826 aram
984 4769 1015 4826 in
1030 4767 1108 4825 circo
1130 4766 1269 4843 positam,
1291 4763 1381 4822 lerias
1403 4771 1486 4821 actas

155 4869 359 4930 Consualibus
381 4871 412 4928 in
435 4871 586 4930 Aventino
609 4871 648 4928 ad
670 4868 778 4930 Consit
812 4869 959 4928 Varronis
981 4869 1058 4926 enim
1081 4869 1174 4926 verba
1195 4867 1332 4925 laborare
1355 4865 1430 4924 vitio
1451 4865 1487 4923 li·

154 4973 322 5031 brariorum
351 4974 426 5032 satis
455 4982 589 5050 apparet.
634 4981 707 5048 puto
728 4979 798 5048 post
813 4973 1004 5030 sacerdotibus
1027 4969 1171 5028 enuntiati
1193 4969 1303 5046 prioris
1320 4969 1419 5040 linem,
1442 4986 1487 5026 se·

155 5075 273 5148 quentis
296 5075 415 5133 initium
439 5075 597 5134 excidisse.
641 5082 771 5133 ceterum
796 5073 869 5130 deae
891 5092 1000 5131 nomen
1017 5072 1206 5148 Opecoosloia
1227 5071 1306 5149 apud
1321 5071 1485 5129 Varronem

156 5177 297 5252 scriptum
324 5177 432 5250 fertur,
461 5177 532 5235 item
560 5175 647 5254 Opem
674 5178 830 5235 cousinium
857 5175 1002 5252 scriptum
1029 5182 1077 5231 est
1101 5175 1132 5232 in
1159 5173 1312 5232 codicibus
1340 5172 1486 5233 Macrobii

158 5275 189 5336 S.
202 5279 231 5350 3,
248 5279 277 5350 9,
293 5279 327 5350 43
348 5279 439 5338 dubia
459 5279 547 5338 lectio
569 5288 616 5338 est
637 5278 718 5356 apud
732 5278 856 5337 Festum
879 5296 907 5353 p.
927 5275 994 5335 186.
1039 5276 1113 5334 mihi
1134 5285 1248 5335 certum
1271 5276 1387 5335 videtur
1408 5274 1485 5332 diem

161 5377 347 5454 Opeconsior'a
369 5381 416 5439 vel
442 5380 630 5458 Opiconsiuio
654 5380 764 5439 dictum
787 5397 864 5452 esse,
886 5377 971 5438 deam
997 5376 1084 5453 Opem
1106 5381 1257 5438 conatuum.
