<?xml version="1.0" encoding="UTF-8"?>
<!DOCTYPE html PUBLIC "-//W3C//DTD XHTML 1.0 Transitional//EN"
    "http://www.w3.org/TR/xhtml1/DTD/xhtml1-transitional.dtd">
<html xmlns="http://www.w3.org/1999/xhtml" xml:lang="en" lang="en">
 <head>
  <title>
</title>
<meta http-equiv="Content-Type" content="text/html;charset=utf-8" />
  <meta name='ocr-system' content='tesseract 3.04.00' />
  <meta name='ocr-capabilities' content='ocr_page ocr_carea ocr_par ocr_line ocrx_word'/>
</head>
<body>
  <div class='ocr_page' id='page_1' title='image "./ephemerisepigra13instgoog_0077.png"; bbox 0 0 3632 6040; ppageno 0'>
   <div class='ocr_carea' id='block_1_1' title="bbox 373 632 1110 708">
    <p class='ocr_par' dir='ltr' id='par_1_1' title="bbox 373 632 1110 708">
     <span class='ocr_line' id='line_1_1' title="bbox 373 632 1110 708; baseline 0 0"><span class='ocrx_word' id='word_1_1' title='bbox 373 632 419 708; x_wconf 84' lang='grc'><strong>68</strong></span> <span class='ocrx_word' id='word_1_2' title='bbox 963 652 1110 708; x_wconf 78' lang='lat' dir='ltr'><strong>tonum</strong></span> 
     </span>
    </p>
   </div>
   <div class='ocr_carea' id='block_1_2' title="bbox 330 828 1683 3057">
    <p class='ocr_par' dir='ltr' id='par_1_2' title="bbox 330 828 1683 2545">
     <span class='ocr_line' id='line_1_2' title="bbox 367 828 1682 906; baseline -0.003 -20"><span class='ocrx_word' id='word_1_3' title='bbox 367 829 444 888; x_wconf 89' lang='lat' dir='ltr'><strong>libro</strong></span> <span class='ocrx_word' id='word_1_4' title='bbox 467 847 533 887; x_wconf 85' lang='lat' dir='ltr'><strong>meo</strong></span> <span class='ocrx_word' id='word_1_5' title='bbox 556 829 694 904; x_wconf 87' lang='lat' dir='ltr'><strong>exempla</strong></span> <span class='ocrx_word' id='word_1_6' title='bbox 714 829 798 900; x_wconf 82' lang='lat' dir='ltr'><strong>dedi3</strong></span> <span class='ocrx_word' id='word_1_7' title='bbox 820 847 879 888; x_wconf 93' lang='lat' dir='ltr'><strong>non</strong></span> <span class='ocrx_word' id='word_1_8' title='bbox 902 830 1036 906; x_wconf 89' lang='lat' dir='ltr'><strong>sequitur</strong></span> <span class='ocrx_word' id='word_1_9' title='bbox 1058 837 1090 887; x_wconf 91' lang='lat' dir='ltr'><strong>ut</strong></span> <span class='ocrx_word' id='word_1_10' title='bbox 1111 829 1210 906; x_wconf 89' lang='lat' dir='ltr'><strong>ipsum</strong></span> <span class='ocrx_word' id='word_1_11' title='bbox 1233 829 1382 888; x_wconf 86' lang='lat' dir='ltr'><strong>aerarium</strong></span> <span class='ocrx_word' id='word_1_12' title='bbox 1405 828 1502 903; x_wconf 88' lang='lat' dir='ltr'><strong>spatio</strong></span> <span class='ocrx_word' id='word_1_13' title='bbox 1524 835 1569 884; x_wconf 87' lang='lat' dir='ltr'><strong>set</strong></span> <span class='ocrx_word' id='word_1_14' title='bbox 1588 845 1682 902; x_wconf 86' lang='lat' dir='ltr'><strong>magno</strong></span> 
     </span>
     <span class='ocr_line' id='line_1_3' title="bbox 367 929 1682 1007; baseline -0.002 -18"><span class='ocrx_word' id='word_1_15' title='bbox 367 933 404 990; x_wconf 90' lang='lat' dir='ltr'><strong>ab</strong></span> <span class='ocrx_word' id='word_1_16' title='bbox 432 932 506 990; x_wconf 84' lang='lat' dir='ltr'>aede</span> <span class='ocrx_word' id='word_1_17' title='bbox 534 929 657 990; x_wconf 79' lang='lat' dir='ltr'><strong>Saturni</strong></span> <span class='ocrx_word' id='word_1_18' title='bbox 684 932 861 1006; x_wconf 89' lang='lat' dir='ltr'><strong>diremptum</strong></span> <span class='ocrx_word' id='word_1_19' title='bbox 887 931 987 1003; x_wconf 85' lang='lat' dir='ltr'><strong>fuerit,</strong></span> <span class='ocrx_word' id='word_1_20' title='bbox 1015 950 1070 990; x_wconf 88' lang='lat' dir='ltr'><strong>nec</strong></span> <span class='ocrx_word' id='word_1_21' title='bbox 1097 940 1197 1007; x_wconf 85' lang='lat' dir='ltr'><strong>potest</strong></span> <span class='ocrx_word' id='word_1_22' title='bbox 1224 949 1296 990; x_wconf 88' lang='lat' dir='ltr'><strong>sane</strong></span> <span class='ocrx_word' id='word_1_23' title='bbox 1324 929 1420 1006; x_wconf 89' lang='lat' dir='ltr'><strong>sequi,</strong></span> <span class='ocrx_word' id='word_1_24' title='bbox 1448 930 1586 1006; x_wconf 87' lang='lat' dir='ltr'><strong>quoniam</strong></span> <span class='ocrx_word' id='word_1_25' title='bbox 1612 948 1682 986; x_wconf 90' lang='lat' dir='ltr'><strong>aera·</strong></span> 
     </span>
     <span class='ocr_line' id='line_1_4' title="bbox 366 1033 1683 1110; baseline -0.003 -18"><span class='ocrx_word' id='word_1_26' title='bbox 366 1034 443 1092; x_wconf 86' lang='lat' dir='ltr'><strong>rium</strong></span> <span class='ocrx_word' id='word_1_27' title='bbox 465 1035 496 1091; x_wconf 92' lang='lat' dir='ltr'><strong>in</strong></span> <span class='ocrx_word' id='word_1_28' title='bbox 519 1035 586 1110; x_wconf 87' lang='lat' dir='ltr'><strong>ipsa</strong></span> <span class='ocrx_word' id='word_1_29' title='bbox 607 1033 681 1092; x_wconf 88' lang='lat' dir='ltr'><strong>aede</strong></span> <span class='ocrx_word' id='word_1_30' title='bbox 703 1034 798 1092; x_wconf 87' lang='lat' dir='ltr'><strong>fuisse</strong></span> <span class='ocrx_word' id='word_1_31' title='bbox 821 1044 882 1092; x_wconf 88' lang='lat' dir='ltr'><strong>tam</strong></span> <span class='ocrx_word' id='word_1_32' title='bbox 896 1033 1043 1092; x_wconf 79' lang='lat' dir='ltr'><strong>Varronis</strong></span> <span class='ocrx_word' id='word_1_33' title='bbox 1064 1049 1155 1109; x_wconf 87' lang='lat' dir='ltr'><strong>quarn</strong></span> <span class='ocrx_word' id='word_1_34' title='bbox 1170 1033 1285 1092; x_wconf 86' lang='lat' dir='ltr'><strong>Lucani</strong></span> <span class='ocrx_word' id='word_1_35' title='bbox 1301 1033 1390 1091; x_wconf 85' lang='lat' dir='ltr'><strong>rerba</strong></span> <span class='ocrx_word' id='word_1_36' title='bbox 1412 1039 1568 1090; x_wconf 85' lang='lat' dir='ltr'><strong>testantur.</strong></span> <span class='ocrx_word' id='word_1_37' title='bbox 1609 1050 1683 1106; x_wconf 82' lang='lat' dir='ltr'><strong>prae·</strong></span> 
     </span>
     <span class='ocr_line' id='line_1_5' title="bbox 364 1133 1682 1212; baseline -0.005 -17"><span class='ocrx_word' id='word_1_38' title='bbox 364 1147 447 1196; x_wconf 89' lang='lat' dir='ltr'><strong>terea</strong></span> <span class='ocrx_word' id='word_1_39' title='bbox 474 1144 577 1194; x_wconf 89' lang='lat' dir='ltr'><strong>notum</strong></span> <span class='ocrx_word' id='word_1_40' title='bbox 604 1146 652 1195; x_wconf 89' lang='lat' dir='ltr'><strong>est</strong></span> <span class='ocrx_word' id='word_1_41' title='bbox 680 1145 770 1212; x_wconf 90' lang='lat' dir='ltr'><strong>atque</strong></span> <span class='ocrx_word' id='word_1_42' title='bbox 798 1155 817 1193; x_wconf 93' lang='lat' dir='ltr'><strong>a</strong></span> <span class='ocrx_word' id='word_1_43' title='bbox 839 1135 967 1194; x_wconf 87' lang='lat' dir='ltr'><strong>Klenzio</strong></span> <span class='ocrx_word' id='word_1_44' title='bbox 990 1135 1146 1212; x_wconf 74' lang='lat' dir='ltr'><strong>(Plriloloq.</strong></span> <span class='ocrx_word' id='word_1_45' title='bbox 1170 1135 1315 1194; x_wconf 84' lang='lat' dir='ltr'><strong>Ablunoll.</strong></span> <span class='ocrx_word' id='word_1_46' title='bbox 1339 1154 1367 1210; x_wconf 90' lang='lat' dir='ltr'><strong>p.</strong></span> <span class='ocrx_word' id='word_1_47' title='bbox 1387 1134 1439 1210; x_wconf 88' lang='lat'><strong>18)</strong></span> <span class='ocrx_word' id='word_1_48' title='bbox 1466 1133 1582 1210; x_wconf 81' lang='lat' dir='ltr'><strong>egregie</strong></span> <span class='ocrx_word' id='word_1_49' title='bbox 1603 1151 1682 1206; x_wconf 85' lang='lat' dir='ltr'><strong>expo·</strong></span> 
     </span>
     <span class='ocr_line' id='line_1_6' title="bbox 365 1226 1682 1315; baseline -0.007 -19"><span class='ocrx_word' id='word_1_50' title='bbox 365 1241 455 1297; x_wconf 90' lang='lat' dir='ltr'><strong>situm</strong></span> <span class='ocrx_word' id='word_1_51' title='bbox 484 1239 520 1296; x_wconf 90' lang='lat' dir='ltr'><strong>de</strong></span> <span class='ocrx_word' id='word_1_52' title='bbox 548 1239 652 1298; x_wconf 87' lang='lat' dir='ltr'><strong>eodem</strong></span> <span class='ocrx_word' id='word_1_53' title='bbox 680 1239 781 1297; x_wconf 86' lang='lat' dir='ltr'><strong>valere</strong></span> <span class='ocrx_word' id='word_1_54' title='bbox 808 1239 944 1298; x_wconf 88' lang='lat' dir='ltr'><strong>aedificio</strong></span> <span class='ocrx_word' id='word_1_55' title='bbox 966 1239 1047 1315; x_wconf 92' lang='lat' dir='ltr'><strong>quod</strong></span> <span class='ocrx_word' id='word_1_56' title='bbox 1069 1239 1227 1315; x_wconf 88' lang='lat' dir='ltr'><strong>Appianus</strong></span> <span class='ocrx_word' id='word_1_57' title='bbox 1253 1247 1354 1296; x_wconf 90' lang='lat' dir='ltr'><strong>narret</strong></span> <span class='ocrx_word' id='word_1_58' title='bbox 1375 1237 1403 1296; x_wconf 92' lang='lat' dir='ltr'><strong>b.</strong></span> <span class='ocrx_word' id='word_1_59' title='bbox 1428 1255 1453 1293; x_wconf 91' lang='lat' dir='ltr'><strong>c.</strong></span> <span class='ocrx_word' id='word_1_60' title='bbox 1480 1238 1506 1307; x_wconf 93' lang='lat' dir='ltr'><strong>l,</strong></span> <span class='ocrx_word' id='word_1_61' title='bbox 1530 1236 1565 1292; x_wconf 87' lang='grc'><strong>31</strong></span> <span class='ocrx_word' id='word_1_62' title='bbox 1589 1233 1624 1294; x_wconf 81' lang='grc' dir='ltr'><strong>εἰς</strong></span> <span class='ocrx_word' id='word_1_63' title='bbox 1643 1226 1682 1288; x_wconf 73' lang='grc' dir='ltr'><strong>τᾶν</strong></span> 
     </span>
     <span class='ocr_line' id='line_1_7' title="bbox 364 1327 1682 1425; baseline -0.006 -27"><span class='ocrx_word' id='word_1_64' title='bbox 364 1343 418 1398; x_wconf 71' lang='grc' dir='ltr'><strong>τοῦ</strong></span> <span class='ocrx_word' id='word_1_65' title='bbox 438 1330 545 1425; x_wconf 72' lang='lat' dir='ltr'><strong>Kpo&#39;vov</strong></span> <span class='ocrx_word' id='word_1_66' title='bbox 569 1335 636 1398; x_wconf 66' lang='grc' dir='ltr'>νεών</span> <span class='ocrx_word' id='word_1_67' title='bbox 659 1328 693 1398; x_wconf 60' lang='grc' dir='ltr'><strong>οὗ</strong></span> <span class='ocrx_word' id='word_1_68' title='bbox 714 1343 771 1401; x_wconf 73' lang='grc' dir='ltr'><strong>τοῖς</strong></span> <span class='ocrx_word' id='word_1_69' title='bbox 793 1333 906 1408; x_wconf 70' lang='lat' dir='ltr'><strong>vaniore</strong></span> <span class='ocrx_word' id='word_1_70' title='bbox 936 1343 992 1417; x_wconf 82' lang='lat' dir='ltr'><strong>(itu</strong></span> <span class='ocrx_word' id='word_1_71' title='bbox 1018 1340 1156 1399; x_wconf 85' lang='lat' dir='ltr'><strong>emendat</strong></span> <span class='ocrx_word' id='word_1_72' title='bbox 1178 1340 1264 1398; x_wconf 85' lang='lat' dir='ltr'><strong>codd.</strong></span> <span class='ocrx_word' id='word_1_73' title='bbox 1292 1340 1471 1416; x_wconf 80' lang='lat' dir='ltr'><strong>scripturam</strong></span> <span class='ocrx_word' id='word_1_74' title='bbox 1494 1329 1560 1397; x_wconf 76' lang='lat' dir='ltr'><strong>rotis</strong></span> <span class='ocrx_word' id='word_1_75' title='bbox 1579 1327 1682 1410; x_wconf 75' lang='lat' dir='ltr'><strong>rapior)</strong></span> 
     </span>
     <span class='ocr_line' id='line_1_8' title="bbox 363 1433 1682 1527; baseline -0.006 -27"><span class='ocrx_word' id='word_1_76' title='bbox 363 1441 454 1527; x_wconf 63' lang='grc' dir='ltr'>ἐχρῆν</span> <span class='ocrx_word' id='word_1_77' title='bbox 476 1433 593 1511; x_wconf 74' lang='grc' dir='ltr'>ὀμνύναι</span> <span class='ocrx_word' id='word_1_78' title='bbox 616 1445 756 1520; x_wconf 88' lang='lat' dir='ltr'><strong>quodque</strong></span> <span class='ocrx_word' id='word_1_79' title='bbox 778 1445 810 1501; x_wconf 90' lang='lat' dir='ltr'><strong>in</strong></span> <span class='ocrx_word' id='word_1_80' title='bbox 832 1443 935 1502; x_wconf 84' lang='lat' dir='ltr'><strong>tabula</strong></span> <span class='ocrx_word' id='word_1_81' title='bbox 955 1443 1087 1502; x_wconf 87' lang='lat' dir='ltr'><strong>Bantina</strong></span> <span class='ocrx_word' id='word_1_82' title='bbox 1110 1443 1253 1520; x_wconf 89' lang='lat' dir='ltr'><strong>seriptum</strong></span> <span class='ocrx_word' id='word_1_83' title='bbox 1277 1443 1317 1500; x_wconf 88' lang='lat' dir='ltr'><strong>sit</strong></span> <span class='ocrx_word' id='word_1_84' title='bbox 1338 1461 1365 1500; x_wconf 85' lang='lat' dir='ltr'><strong>v.</strong></span> <span class='ocrx_word' id='word_1_85' title='bbox 1383 1440 1422 1498; x_wconf 76' lang='lat'><strong>22</strong></span> <span class='ocrx_word' id='word_1_86' title='bbox 1445 1440 1593 1516; x_wconf 80' lang='lat' dir='ltr'><strong>i]ouranto</strong></span> <span class='ocrx_word' id='word_1_87' title='bbox 1614 1438 1682 1512; x_wconf 82' lang='lat' dir='ltr'><strong>apud</strong></span> 
     </span>
     <span class='ocr_line' id='line_1_9' title="bbox 363 1541 1681 1623; baseline -0.005 -21"><span class='ocrx_word' id='word_1_88' title='bbox 363 1555 540 1621; x_wconf 76' lang='lat' dir='ltr'><strong>quaestorem</strong></span> <span class='ocrx_word' id='word_1_89' title='bbox 571 1547 611 1604; x_wconf 85' lang='lat' dir='ltr'><strong>uel</strong></span> <span class='ocrx_word' id='word_1_90' title='bbox 636 1551 788 1620; x_wconf 81' lang='lat' dir='ltr'><strong>aerarium,</strong></span> <span class='ocrx_word' id='word_1_91' title='bbox 817 1546 946 1623; x_wconf 90' lang='lat' dir='ltr'><strong>denique</strong></span> <span class='ocrx_word' id='word_1_92' title='bbox 975 1547 1056 1622; x_wconf 92' lang='lat' dir='ltr'><strong>quod</strong></span> <span class='ocrx_word' id='word_1_93' title='bbox 1077 1545 1183 1604; x_wconf 87' lang='lat' dir='ltr'><strong>Livius</strong></span> <span class='ocrx_word' id='word_1_94' title='bbox 1210 1545 1321 1602; x_wconf 87' lang='lat' dir='ltr'><strong>referat</strong></span> <span class='ocrx_word' id='word_1_95' title='bbox 1342 1543 1407 1619; x_wconf 78' lang='lat'><strong>(29,</strong></span> <span class='ocrx_word' id='word_1_96' title='bbox 1432 1542 1481 1614; x_wconf 81' lang='lat'><strong>39,</strong></span> <span class='ocrx_word' id='word_1_97' title='bbox 1507 1541 1558 1618; x_wconf 73' lang='lat'><strong>12&gt;</strong></span> <span class='ocrx_word' id='word_1_98' title='bbox 1583 1558 1639 1598; x_wconf 86' lang='lat' dir='ltr'><strong>cum</strong></span> <span class='ocrx_word' id='word_1_99' title='bbox 1657 1543 1681 1594; x_wconf 87' lang='lat' dir='ltr'><strong>ln</strong></span> 
     </span>
     <span class='ocr_line' id='line_1_10' title="bbox 363 1643 1682 1723; baseline -0.006 -19"><span class='ocrx_word' id='word_1_100' title='bbox 363 1649 438 1723; x_wconf 79' lang='lat' dir='ltr'><strong>leqes</strong></span> <span class='ocrx_word' id='word_1_101' title='bbox 460 1652 585 1706; x_wconf 82' lang='lat' dir='ltr'><strong>iurasset</strong></span> <span class='ocrx_word' id='word_1_102' title='bbox 610 1647 642 1707; x_wconf 86' lang='lat' dir='ltr'><strong>C.</strong></span> <span class='ocrx_word' id='word_1_103' title='bbox 669 1646 809 1706; x_wconf 83' lang='lat' dir='ltr'><strong>Claudius</strong></span> <span class='ocrx_word' id='word_1_104' title='bbox 832 1658 857 1706; x_wconf 89' lang='lat' dir='ltr'><strong>et</strong></span> <span class='ocrx_word' id='word_1_105' title='bbox 879 1651 909 1706; x_wconf 84' lang='lat' dir='ltr'><strong>in</strong></span> <span class='ocrx_word' id='word_1_106' title='bbox 932 1652 1077 1706; x_wconf 82' lang='lat' dir='ltr'><strong>aerarium</strong></span> <span class='ocrx_word' id='word_1_107' title='bbox 1099 1649 1276 1707; x_wconf 82' lang='lat' dir='ltr'><strong>escendisset.</strong></span> <span class='ocrx_word' id='word_1_108' title='bbox 1321 1647 1369 1704; x_wconf 91' lang='lat' dir='ltr'><strong>his</strong></span> <span class='ocrx_word' id='word_1_109' title='bbox 1392 1645 1493 1704; x_wconf 86' lang='lat' dir='ltr'><strong>verbis</strong></span> <span class='ocrx_word' id='word_1_110' title='bbox 1515 1643 1617 1719; x_wconf 83' lang='lat' dir='ltr'><strong>nequis</strong></span> <span class='ocrx_word' id='word_1_111' title='bbox 1637 1660 1682 1717; x_wconf 91' lang='lat' dir='ltr'><strong>pu-</strong></span> 
     </span>
     <span class='ocr_line' id='line_1_11' title="bbox 361 1743 1682 1822; baseline -0.006 -15"><span class='ocrx_word' id='word_1_112' title='bbox 361 1750 472 1809; x_wconf 90' lang='lat' dir='ltr'><strong>taverit</strong></span> <span class='ocrx_word' id='word_1_113' title='bbox 493 1751 642 1809; x_wconf 86' lang='lat' dir='ltr'><strong>aerarium</strong></span> <span class='ocrx_word' id='word_1_114' title='bbox 665 1751 697 1808; x_wconf 94' lang='lat' dir='ltr'><strong>in</strong></span> <span class='ocrx_word' id='word_1_115' title='bbox 718 1761 820 1808; x_wconf 88' lang='lat' dir='ltr'><strong>monta</strong></span> <span class='ocrx_word' id='word_1_116' title='bbox 843 1751 933 1810; x_wconf 87' lang='lat' dir='ltr'><strong>situm</strong></span> <span class='ocrx_word' id='word_1_117' title='bbox 956 1751 1050 1810; x_wconf 87' lang='lat' dir='ltr'><strong>fuisse</strong></span> <span class='ocrx_word' id='word_1_118' title='bbox 1073 1751 1197 1822; x_wconf 82' lang='lat' dir='ltr'><strong>adstrui,</strong></span> <span class='ocrx_word' id='word_1_119' title='bbox 1224 1757 1343 1808; x_wconf 90' lang='lat' dir='ltr'><strong>cautum</strong></span> <span class='ocrx_word' id='word_1_120' title='bbox 1371 1755 1418 1806; x_wconf 89' lang='lat' dir='ltr'><strong>est</strong></span> <span class='ocrx_word' id='word_1_121' title='bbox 1441 1745 1593 1807; x_wconf 83' lang='lat' dir='ltr'><strong>Ciceronis</strong></span> <span class='ocrx_word' id='word_1_122' title='bbox 1614 1743 1682 1802; x_wconf 88' lang='lat' dir='ltr'><strong>Fon-</strong></span> 
     </span>
     <span class='ocr_line' id='line_1_12' title="bbox 362 1843 1682 1930; baseline -0.008 -20"><span class='ocrx_word' id='word_1_123' title='bbox 362 1853 479 1911; x_wconf 86' lang='lat' dir='ltr'><strong>teianae</strong></span> <span class='ocrx_word' id='word_1_124' title='bbox 501 1853 669 1930; x_wconf 87' lang='lat' dir='ltr'><strong>fragmento</strong></span> <span class='ocrx_word' id='word_1_125' title='bbox 692 1851 896 1912; x_wconf 84' lang='lat' dir='ltr'><strong>Niebuhriano</strong></span> <span class='ocrx_word' id='word_1_126' title='bbox 921 1853 965 1928; x_wconf 85' lang='lat'><strong>(3,</strong></span> <span class='ocrx_word' id='word_1_127' title='bbox 988 1854 1036 1929; x_wconf 85' lang='lat'><strong>4):</strong></span> <span class='ocrx_word' id='word_1_128' title='bbox 1059 1857 1204 1912; x_wconf 82' lang='lat' dir='ltr'><strong>accusatio</strong></span> <span class='ocrx_word' id='word_1_129' title='bbox 1226 1870 1300 1928; x_wconf 82' lang='lat' dir='ltr'><strong>quae</strong></span> <span class='ocrx_word' id='word_1_130' title='bbox 1326 1851 1483 1926; x_wconf 53' lang='lat' dir='ltr'><strong>[Uarillus</strong></span> <span class='ocrx_word' id='word_1_131' title='bbox 1502 1851 1595 1925; x_wconf 78' lang='lat' dir='ltr'><strong>possit</strong></span> <span class='ocrx_word' id='word_1_132' title='bbox 1614 1843 1682 1919; x_wconf 76' lang='lat' dir='ltr'><strong>Ap]-</strong></span> 
     </span>
     <span class='ocr_line' id='line_1_13' title="bbox 360 1951 1682 2032; baseline -0.006 -20"><span class='ocrx_word' id='word_1_133' title='bbox 360 1959 410 2031; x_wconf 81' lang='lat' dir='ltr'><strong>pis</strong></span> <span class='ocrx_word' id='word_1_134' title='bbox 433 1975 519 2032; x_wconf 83' lang='lat' dir='ltr'><strong>quom</strong></span> <span class='ocrx_word' id='word_1_135' title='bbox 536 1954 677 2032; x_wconf 83' lang='lat' dir='ltr'><strong>paeo[o]s</strong></span> <span class='ocrx_word' id='word_1_136' title='bbox 699 1959 797 2014; x_wconf 82' lang='lat' dir='ltr'><strong>uereri</strong></span> <span class='ocrx_word' id='word_1_137' title='bbox 817 1956 928 2031; x_wconf 74' lang='lat' dir='ltr'><strong>gradus</strong></span> <span class='ocrx_word' id='word_1_138' title='bbox 950 1957 1110 2029; x_wconf 83' lang='lat' dir='ltr'><strong>ascendere,</strong></span> <span class='ocrx_word' id='word_1_139' title='bbox 1138 1973 1197 2032; x_wconf 91' lang='lat' dir='ltr'><strong>quo</strong></span> <span class='ocrx_word' id='word_1_140' title='bbox 1224 1955 1396 2013; x_wconf 87' lang='lat' dir='ltr'><strong>testimonio</strong></span> <span class='ocrx_word' id='word_1_141' title='bbox 1423 1953 1553 2031; x_wconf 89' lang='lat' dir='ltr'><strong>diligens</strong></span> <span class='ocrx_word' id='word_1_142' title='bbox 1574 1951 1604 2007; x_wconf 93' lang='lat' dir='ltr'><strong>in</strong></span> <span class='ocrx_word' id='word_1_143' title='bbox 1624 1967 1682 2006; x_wconf 91' lang='lat' dir='ltr'><strong>cou-</strong></span> 
     </span>
     <span class='ocr_line' id='line_1_14' title="bbox 362 2055 1681 2135; baseline -0.007 -21"><span class='ocrx_word' id='word_1_144' title='bbox 362 2057 518 2133; x_wconf 86' lang='lat' dir='ltr'><strong>quirendis</strong></span> <span class='ocrx_word' id='word_1_145' title='bbox 542 2058 721 2116; x_wconf 85' lang='lat' dir='ltr'><strong>testimoniis</strong></span> <span class='ocrx_word' id='word_1_146' title='bbox 745 2059 873 2135; x_wconf 76' lang='lat' dir='ltr'><strong>scriptor</strong></span> <span class='ocrx_word' id='word_1_147' title='bbox 894 2057 1033 2135; x_wconf 88' lang='lat' dir='ltr'><strong>Nibbyus</strong></span> <span class='ocrx_word' id='word_1_148' title='bbox 1057 2058 1164 2131; x_wconf 83' lang='lat' dir='ltr'><strong>(Romu</strong></span> <span class='ocrx_word' id='word_1_149' title='bbox 1184 2061 1283 2116; x_wconf 82' lang='lat' dir='ltr'><strong>antico</strong></span> <span class='ocrx_word' id='word_1_150' title='bbox 1306 2055 1334 2128; x_wconf 75' lang='lat'><strong>2,</strong></span> <span class='ocrx_word' id='word_1_151' title='bbox 1358 2055 1430 2130; x_wconf 88' lang='grc'>114)</span> <span class='ocrx_word' id='word_1_152' title='bbox 1452 2064 1533 2114; x_wconf 88' lang='lat' dir='ltr'><strong>recte</strong></span> <span class='ocrx_word' id='word_1_153' title='bbox 1556 2069 1623 2111; x_wconf 87' lang='lat' dir='ltr'><strong>usus</strong></span> <span class='ocrx_word' id='word_1_154' title='bbox 1644 2067 1681 2106; x_wconf 90' lang='lat' dir='ltr'><strong>es·</strong></span> 
     </span>
     <span class='ocr_line' id='line_1_15' title="bbox 363 2152 1680 2235; baseline -0.009 -17"><span class='ocrx_word' id='word_1_155' title='bbox 363 2169 418 2233; x_wconf 91' lang='lat' dir='ltr'><strong>set,</strong></span> <span class='ocrx_word' id='word_1_156' title='bbox 441 2161 501 2219; x_wconf 89' lang='lat' dir='ltr'><strong>nisi</strong></span> <span class='ocrx_word' id='word_1_157' title='bbox 523 2160 559 2218; x_wconf 89' lang='lat' dir='ltr'><strong>de</strong></span> <span class='ocrx_word' id='word_1_158' title='bbox 582 2161 655 2219; x_wconf 86' lang='lat' dir='ltr'><strong>aede</strong></span> <span class='ocrx_word' id='word_1_159' title='bbox 680 2159 801 2220; x_wconf 85' lang='lat' dir='ltr'><strong>Saturni</strong></span> <span class='ocrx_word' id='word_1_160' title='bbox 828 2161 895 2235; x_wconf 88' lang='lat' dir='ltr'><strong>ipsa</strong></span> <span class='ocrx_word' id='word_1_161' title='bbox 923 2168 1055 2220; x_wconf 88' lang='lat' dir='ltr'><strong>errasset</strong></span> <span class='ocrx_word' id='word_1_162' title='bbox 1082 2179 1147 2219; x_wconf 90' lang='lat' dir='ltr'><strong>cum</strong></span> <span class='ocrx_word' id='word_1_163' title='bbox 1177 2159 1255 2217; x_wconf 91' lang='lat' dir='ltr'><strong>aliis.</strong></span> <span class='ocrx_word' id='word_1_164' title='bbox 1299 2159 1355 2216; x_wconf 93' lang='lat' dir='ltr'><strong>hos</strong></span> <span class='ocrx_word' id='word_1_165' title='bbox 1377 2157 1490 2234; x_wconf 87' lang='lat' dir='ltr'><strong>gradus</strong></span> <span class='ocrx_word' id='word_1_166' title='bbox 1512 2174 1578 2216; x_wconf 88' lang='lat' dir='ltr'><strong>esse</strong></span> <span class='ocrx_word' id='word_1_167' title='bbox 1598 2152 1680 2212; x_wconf 84' lang='lat' dir='ltr'><strong>scalas</strong></span> 
     </span>
     <span class='ocr_line' id='line_1_16' title="bbox 330 2256 1680 2342; baseline -0.007 -23"><span class='ocrx_word' id='word_1_168' title='bbox 330 2256 333 2267; x_wconf 84' lang='lat'>&#39;</span> <span class='ocrx_word' id='word_1_169' title='bbox 361 2263 464 2338; x_wconf 88' lang='lat' dir='ltr'><strong>templi</strong></span> <span class='ocrx_word' id='word_1_170' title='bbox 493 2261 615 2322; x_wconf 85' lang='lat' dir='ltr'><strong>Saturni</strong></span> <span class='ocrx_word' id='word_1_171' title='bbox 644 2281 717 2322; x_wconf 88' lang='lat' dir='ltr'><strong>sane</strong></span> <span class='ocrx_word' id='word_1_172' title='bbox 745 2282 886 2342; x_wconf 86' lang='lat' dir='ltr'><strong>magnas,</strong></span> <span class='ocrx_word' id='word_1_173' title='bbox 915 2282 1042 2339; x_wconf 87' lang='lat' dir='ltr'><strong>quarum</strong></span> <span class='ocrx_word' id='word_1_174' title='bbox 1075 2263 1183 2320; x_wconf 87' lang='lat' dir='ltr'><strong>rudera</strong></span> <span class='ocrx_word' id='word_1_175' title='bbox 1210 2280 1287 2320; x_wconf 91' lang='lat' dir='ltr'><strong>nunc</strong></span> <span class='ocrx_word' id='word_1_176' title='bbox 1314 2279 1433 2336; x_wconf 90' lang='lat' dir='ltr'><strong>quoque</strong></span> <span class='ocrx_word' id='word_1_177' title='bbox 1461 2257 1619 2337; x_wconf 83' lang='lat' dir='ltr'><strong>supersunt</strong></span> <span class='ocrx_word' id='word_1_178' title='bbox 1638 2271 1680 2328; x_wconf 86' lang='lat' dir='ltr'><strong>ap·</strong></span> 
     </span>
     <span class='ocr_line' id='line_1_17' title="bbox 359 2354 1680 2440; baseline -0.006 -18"><span class='ocrx_word' id='word_1_179' title='bbox 359 2372 446 2440; x_wconf 91' lang='lat' dir='ltr'><strong>paret</strong></span> <span class='ocrx_word' id='word_1_180' title='bbox 468 2383 523 2422; x_wconf 88' lang='lat' dir='ltr'><strong>nec</strong></span> <span class='ocrx_word' id='word_1_181' title='bbox 545 2366 644 2423; x_wconf 89' lang='lat' dir='ltr'><strong>minus</strong></span> <span class='ocrx_word' id='word_1_182' title='bbox 667 2372 780 2424; x_wconf 87' lang='lat' dir='ltr'><strong>certum</strong></span> <span class='ocrx_word' id='word_1_183' title='bbox 803 2375 850 2424; x_wconf 89' lang='lat' dir='ltr'><strong>est</strong></span> <span class='ocrx_word' id='word_1_184' title='bbox 871 2384 922 2424; x_wconf 89' lang='lat' dir='ltr'><strong>eos</strong></span> <span class='ocrx_word' id='word_1_185' title='bbox 944 2365 1014 2424; x_wconf 89' lang='lat' dir='ltr'><strong>licet</strong></span> <span class='ocrx_word' id='word_1_186' title='bbox 1033 2365 1119 2424; x_wconf 83' lang='lat' dir='ltr'><strong>multi</strong></span> <span class='ocrx_word' id='word_1_187' title='bbox 1140 2365 1252 2424; x_wconf 86' lang='lat' dir='ltr'><strong>fuerint</strong></span> <span class='ocrx_word' id='word_1_188' title='bbox 1274 2373 1373 2422; x_wconf 89' lang='lat' dir='ltr'><strong>tamen</strong></span> <span class='ocrx_word' id='word_1_189' title='bbox 1394 2382 1466 2440; x_wconf 86' lang='lat' dir='ltr'><strong>prae</strong></span> <span class='ocrx_word' id='word_1_190' title='bbox 1485 2362 1561 2422; x_wconf 92' lang='lat' dir='ltr'><strong>mole</strong></span> <span class='ocrx_word' id='word_1_191' title='bbox 1582 2354 1680 2436; x_wconf 82' lang='lat' dir='ltr'><strong>ingenti</strong></span> 
     </span>
     <span class='ocr_line' id='line_1_18' title="bbox 363 2467 960 2545; baseline 0.005 -22"><span class='ocrx_word' id='word_1_192' title='bbox 363 2467 486 2543; x_wconf 86' lang='lat' dir='ltr'><strong>Alpium</strong></span> <span class='ocrx_word' id='word_1_193' title='bbox 508 2486 622 2544; x_wconf 90' lang='lat' dir='ltr'><strong>paucos</strong></span> <span class='ocrx_word' id='word_1_194' title='bbox 645 2479 713 2545; x_wconf 88' lang='lat' dir='ltr'><strong>apte</strong></span> <span class='ocrx_word' id='word_1_195' title='bbox 736 2468 794 2526; x_wconf 92' lang='lat' dir='ltr'><strong>dici</strong></span> <span class='ocrx_word' id='word_1_196' title='bbox 816 2469 960 2545; x_wconf 87' lang='lat' dir='ltr'><strong>potuisse.</strong></span> 
     </span>
    </p>

    <p class='ocr_par' dir='ltr' id='par_1_3' title="bbox 358 2559 1679 3057">
     <span class='ocr_line' id='line_1_19' title="bbox 442 2559 1679 2649; baseline -0.006 -21"><span class='ocrx_word' id='word_1_197' title='bbox 442 2571 507 2628; x_wconf 87' lang='lat' dir='ltr'><strong>Iam</strong></span> <span class='ocrx_word' id='word_1_198' title='bbox 530 2589 565 2628; x_wconf 90' lang='lat' dir='ltr'><strong>eo</strong></span> <span class='ocrx_word' id='word_1_199' title='bbox 588 2570 767 2629; x_wconf 83' lang='lat' dir='ltr'><strong>devenimus</strong></span> <span class='ocrx_word' id='word_1_200' title='bbox 790 2579 822 2628; x_wconf 90' lang='lat' dir='ltr'><strong>ut</strong></span> <span class='ocrx_word' id='word_1_201' title='bbox 844 2589 1022 2649; x_wconf 88' lang='lat' dir='ltr'><strong>quaeramus</strong></span> <span class='ocrx_word' id='word_1_202' title='bbox 1045 2589 1104 2646; x_wconf 92' lang='lat' dir='ltr'><strong>quo</strong></span> <span class='ocrx_word' id='word_1_203' title='bbox 1128 2571 1192 2630; x_wconf 88' lang='lat' dir='ltr'><strong>iure</strong></span> <span class='ocrx_word' id='word_1_204' title='bbox 1213 2588 1293 2628; x_wconf 90' lang='lat' dir='ltr'><strong>nunc</strong></span> <span class='ocrx_word' id='word_1_205' title='bbox 1314 2589 1333 2626; x_wconf 87' lang='lat' dir='ltr'><strong>a</strong></span> <span class='ocrx_word' id='word_1_206' title='bbox 1353 2569 1506 2644; x_wconf 87' lang='lat' dir='ltr'><strong>plerisque</strong></span> <span class='ocrx_word' id='word_1_207' title='bbox 1529 2566 1614 2626; x_wconf 89' lang='lat' dir='ltr'><strong>aedes</strong></span> <span class='ocrx_word' id='word_1_208' title='bbox 1635 2559 1679 2621; x_wconf 84' lang='lat' dir='ltr'><strong>Sa·</strong></span> 
     </span>
     <span class='ocr_line' id='line_1_20' title="bbox 360 2661 1678 2750; baseline -0.005 -22"><span class='ocrx_word' id='word_1_209' title='bbox 360 2672 438 2729; x_wconf 87' lang='lat' dir='ltr'><strong>turni</strong></span> <span class='ocrx_word' id='word_1_210' title='bbox 469 2672 507 2729; x_wconf 89' lang='lat' dir='ltr'><strong>ad</strong></span> <span class='ocrx_word' id='word_1_211' title='bbox 535 2673 633 2730; x_wconf 85' lang='lat' dir='ltr'><strong>forum</strong></span> <span class='ocrx_word' id='word_1_212' title='bbox 661 2673 719 2730; x_wconf 88' lang='lat' dir='ltr'><strong>sita</strong></span> <span class='ocrx_word' id='word_1_213' title='bbox 747 2673 826 2731; x_wconf 88' lang='lat' dir='ltr'><strong>binis</strong></span> <span class='ocrx_word' id='word_1_214' title='bbox 853 2674 1020 2750; x_wconf 86' lang='lat' dir='ltr'><strong>appelletur</strong></span> <span class='ocrx_word' id='word_1_215' title='bbox 1047 2673 1119 2750; x_wconf 85' lang='lat' dir='ltr'><strong>Opis</strong></span> <span class='ocrx_word' id='word_1_216' title='bbox 1147 2682 1174 2732; x_wconf 91' lang='lat' dir='ltr'><strong>et</strong></span> <span class='ocrx_word' id='word_1_217' title='bbox 1195 2673 1318 2731; x_wconf 80' lang='lat' dir='ltr'><strong>Saturni</strong></span> <span class='ocrx_word' id='word_1_218' title='bbox 1340 2671 1523 2729; x_wconf 89' lang='lat' dir='ltr'><strong>nominibus.</strong></span> <span class='ocrx_word' id='word_1_219' title='bbox 1567 2668 1625 2726; x_wconf 91' lang='lat' dir='ltr'><strong>eius</strong></span> <span class='ocrx_word' id='word_1_220' title='bbox 1643 2661 1678 2720; x_wconf 84' lang='lat' dir='ltr'><strong>rei</strong></span> 
     </span>
     <span class='ocr_line' id='line_1_21' title="bbox 358 2771 1676 2834; baseline -0.006 -3"><span class='ocrx_word' id='word_1_221' title='bbox 358 2783 475 2832; x_wconf 88' lang='lat' dir='ltr'><strong>constat</strong></span> <span class='ocrx_word' id='word_1_222' title='bbox 499 2774 618 2834; x_wconf 90' lang='lat' dir='ltr'><strong>unicum</strong></span> <span class='ocrx_word' id='word_1_223' title='bbox 641 2783 748 2834; x_wconf 89' lang='lat' dir='ltr'><strong>testem</strong></span> <span class='ocrx_word' id='word_1_224' title='bbox 771 2793 837 2834; x_wconf 87' lang='lat' dir='ltr'><strong>esse</strong></span> <span class='ocrx_word' id='word_1_225' title='bbox 860 2786 912 2834; x_wconf 87' lang='lat' dir='ltr'><strong>aut</strong></span> <span class='ocrx_word' id='word_1_226' title='bbox 933 2785 1012 2834; x_wconf 87' lang='lat' dir='ltr'><strong>certe</strong></span> <span class='ocrx_word' id='word_1_227' title='bbox 1034 2775 1138 2833; x_wconf 88' lang='lat' dir='ltr'><strong>haberi</strong></span> <span class='ocrx_word' id='word_1_228' title='bbox 1160 2775 1277 2834; x_wconf 88' lang='lat' dir='ltr'><strong>titulum</strong></span> <span class='ocrx_word' id='word_1_229' title='bbox 1301 2771 1676 2832; x_wconf 73' lang='lat' dir='ltr'><strong>Orellianum15061nau1</strong></span> 
     </span>
     <span class='ocr_line' id='line_1_22' title="bbox 358 2867 1676 2956; baseline -0.005 -23"><span class='ocrx_word' id='word_1_230' title='bbox 358 2877 395 2934; x_wconf 89' lang='lat' dir='ltr'><strong>de</strong></span> <span class='ocrx_word' id='word_1_231' title='bbox 419 2875 543 2935; x_wconf 85' lang='lat' dir='ltr'><strong>Victore</strong></span> <span class='ocrx_word' id='word_1_232' title='bbox 564 2878 674 2936; x_wconf 89' lang='lat' dir='ltr'><strong>fictioio</strong></span> <span class='ocrx_word' id='word_1_233' title='bbox 702 2879 860 2956; x_wconf 89' lang='lat' dir='ltr'><strong>postmodo</strong></span> <span class='ocrx_word' id='word_1_234' title='bbox 884 2877 1058 2936; x_wconf 89' lang='lat' dir='ltr'><strong>videbimus.</strong></span> <span class='ocrx_word' id='word_1_235' title='bbox 1103 2878 1151 2936; x_wconf 90' lang='lat' dir='ltr'><strong>hic</strong></span> <span class='ocrx_word' id='word_1_236' title='bbox 1177 2877 1281 2936; x_wconf 86' lang='lat' dir='ltr'><strong>titulus</strong></span> <span class='ocrx_word' id='word_1_237' title='bbox 1311 2877 1391 2953; x_wconf 87' lang='lat' dir='ltr'><strong>apud</strong></span> <span class='ocrx_word' id='word_1_238' title='bbox 1419 2873 1583 2935; x_wconf 89' lang='lat' dir='ltr'><strong>Gruterum</strong></span> <span class='ocrx_word' id='word_1_239' title='bbox 1606 2867 1676 2939; x_wconf 75' lang='lat'><strong>26,3</strong></span> 
     </span>
     <span class='ocr_line' id='line_1_23' title="bbox 360 2979 1176 3057; baseline 0.002 -21"><span class='ocrx_word' id='word_1_240' title='bbox 360 2979 439 3036; x_wconf 90' lang='lat' dir='ltr'><strong>unde</strong></span> <span class='ocrx_word' id='word_1_241' title='bbox 463 2979 596 3038; x_wconf 87' lang='lat' dir='ltr'><strong>Orellius</strong></span> <span class='ocrx_word' id='word_1_242' title='bbox 619 3000 686 3039; x_wconf 89' lang='lat' dir='ltr'><strong>eum</strong></span> <span class='ocrx_word' id='word_1_243' title='bbox 708 2981 910 3057; x_wconf 83' lang='lat' dir='ltr'><strong>transcripsit,</strong></span> <span class='ocrx_word' id='word_1_244' title='bbox 932 2982 975 3039; x_wconf 89' lang='lat' dir='ltr'><strong>sic</strong></span> <span class='ocrx_word' id='word_1_245' title='bbox 997 2981 1093 3040; x_wconf 90' lang='lat' dir='ltr'><strong>editus</strong></span> <span class='ocrx_word' id='word_1_246' title='bbox 1116 2989 1176 3039; x_wconf 86' lang='lat' dir='ltr'><strong>est:</strong></span> 
     </span>
    </p>
   </div>
   <div class='ocr_carea' id='block_1_3' title="bbox 631 3155 1416 3504">
    <p class='ocr_par' dir='ltr' id='par_1_4' title="bbox 631 3155 1416 3402">
     <span class='ocr_line' id='line_1_24' title="bbox 737 3155 1312 3207; baseline -0.003 -10"><span class='ocrx_word' id='word_1_247' title='bbox 737 3159 817 3197; x_wconf 83' lang='lat' dir='ltr'><strong>Romae</strong></span> <span class='ocrx_word' id='word_1_248' title='bbox 832 3157 863 3197; x_wconf 83' lang='lat' dir='ltr'><strong>ad</strong></span> <span class='ocrx_word' id='word_1_249' title='bbox 876 3162 954 3207; x_wconf 83' lang='lat' dir='ltr'><strong>septem</strong></span> <span class='ocrx_word' id='word_1_250' title='bbox 970 3159 1067 3197; x_wconf 82' lang='lat' dir='ltr'><strong>lucernas</strong></span> <span class='ocrx_word' id='word_1_251' title='bbox 1083 3157 1106 3196; x_wconf 79' lang='lat' dir='ltr'><strong>ia</strong></span> <span class='ocrx_word' id='word_1_252' title='bbox 1121 3166 1231 3196; x_wconf 80' lang='lat' dir='ltr'><strong>nrarmore</strong></span> <span class='ocrx_word' id='word_1_253' title='bbox 1239 3155 1312 3205; x_wconf 82' lang='lat' dir='ltr'><strong>fracto</strong></span> 
     </span>
     <span class='ocr_line' id='line_1_25' title="bbox 631 3256 1416 3300; baseline -0.003 -2"><span class='ocrx_word' id='word_1_254' title='bbox 631 3256 729 3300; x_wconf 81' lang='lat' dir='ltr'><strong>LOCVS</strong></span> <span class='ocrx_word' id='word_1_255' title='bbox 745 3271 751 3284; x_wconf 91' lang='lat'><strong>·</strong></span> <span class='ocrx_word' id='word_1_256' title='bbox 768 3257 966 3300; x_wconf 80' lang='lat' dir='ltr'><strong>ADSlGNATVS</strong></span> <span class='ocrx_word' id='word_1_257' title='bbox 983 3271 989 3283; x_wconf 93' lang='lat'>·</span> <span class='ocrx_word' id='word_1_258' title='bbox 1005 3258 1074 3298; x_wconf 82' lang='lat' dir='ltr'><strong>AEDl</strong></span> <span class='ocrx_word' id='word_1_259' title='bbox 1097 3272 1103 3284; x_wconf 89' lang='lat'><strong>·</strong></span> <span class='ocrx_word' id='word_1_260' title='bbox 1122 3257 1171 3300; x_wconf 83' lang='lat' dir='ltr'><strong>0r1</strong></span> <span class='ocrx_word' id='word_1_261' title='bbox 1188 3271 1194 3284; x_wconf 93' lang='lat'><strong>·</strong></span> <span class='ocrx_word' id='word_1_262' title='bbox 1213 3258 1247 3298; x_wconf 85' lang='lat' dir='ltr'><strong>ET</strong></span> <span class='ocrx_word' id='word_1_263' title='bbox 1263 3273 1268 3284; x_wconf 95' lang='lat'>·</span> <span class='ocrx_word' id='word_1_264' title='bbox 1287 3256 1416 3298; x_wconf 79' lang='lat' dir='ltr'><strong>SATVRNI</strong></span> 
     </span>
     <span class='ocr_line' id='line_1_26' title="bbox 633 3359 1416 3402; baseline -0.004 -1"><span class='ocrx_word' id='word_1_265' title='bbox 633 3361 670 3401; x_wconf 93' lang='lat' dir='ltr'><strong>L·</strong></span> <span class='ocrx_word' id='word_1_266' title='bbox 687 3359 828 3402; x_wconf 82' lang='lat' dir='ltr'><strong>MVNATlO</strong></span> <span class='ocrx_word' id='word_1_267' title='bbox 845 3375 851 3388; x_wconf 93' lang='lat'><strong>·</strong></span> <span class='ocrx_word' id='word_1_268' title='bbox 868 3359 951 3401; x_wconf 83' lang='lat' dir='ltr'>VERO</span> <span class='ocrx_word' id='word_1_269' title='bbox 970 3374 975 3386; x_wconf 94' lang='lat'><strong>·</strong></span> <span class='ocrx_word' id='word_1_270' title='bbox 994 3360 1028 3400; x_wconf 84' lang='lat' dir='ltr'><strong>ET</strong></span> <span class='ocrx_word' id='word_1_271' title='bbox 1045 3373 1051 3385; x_wconf 91' lang='lat'><strong>·</strong></span> <span class='ocrx_word' id='word_1_272' title='bbox 1068 3359 1106 3402; x_wconf 78' lang='grc' dir='ltr'><strong>Ε·</strong></span> <span class='ocrx_word' id='word_1_273' title='bbox 1123 3359 1279 3401; x_wconf 82' lang='lat' dir='ltr'><strong>TERENTlO</strong></span> <span class='ocrx_word' id='word_1_274' title='bbox 1295 3375 1301 3388; x_wconf 92' lang='lat'><strong>·</strong></span> <span class='ocrx_word' id='word_1_275' title='bbox 1318 3359 1416 3400; x_wconf 83' lang='lat' dir='ltr'><strong>FELICE</strong></span> 
     </span>
    </p>

    <p class='ocr_par' dir='ltr' id='par_1_5' title="bbox 843 3460 1205 3504">
     <span class='ocr_line' id='line_1_27' title="bbox 843 3460 1205 3504; baseline -0.003 0"><span class='ocrx_word' id='word_1_276' title='bbox 843 3461 942 3504; x_wconf 72' lang='lat' dir='ltr'><strong>CVRAT</strong></span> <span class='ocrx_word' id='word_1_277' title='bbox 959 3477 965 3490; x_wconf 92' lang='lat'><strong>·</strong></span> <span class='ocrx_word' id='word_1_278' title='bbox 982 3460 1060 3502; x_wconf 84' lang='lat' dir='ltr'><strong>OPER</strong></span> <span class='ocrx_word' id='word_1_279' title='bbox 1077 3475 1083 3488; x_wconf 93' lang='lat'><strong>·</strong></span> <span class='ocrx_word' id='word_1_280' title='bbox 1101 3461 1205 3503; x_wconf 86' lang='lat' dir='ltr'><strong>PVBLlC</strong></span> 
     </span>
    </p>
   </div>
   <div class='ocr_carea' id='block_1_4' title="bbox 858 3565 1190 3606">
    <p class='ocr_par' dir='ltr' id='par_1_6' title="bbox 858 3565 1190 3606">
     <span class='ocr_line' id='line_1_28' title="bbox 858 3565 1190 3606; baseline -0.009 0"><span class='ocrx_word' id='word_1_281' title='bbox 858 3577 885 3606; x_wconf 77' lang='lat' dir='ltr'><strong>ee</strong></span> <span class='ocrx_word' id='word_1_282' title='bbox 899 3565 1008 3606; x_wconf 66' lang='lat' dir='ltr'><strong>Marcello</strong></span> <span class='ocrx_word' id='word_1_283' title='bbox 1023 3570 1042 3605; x_wconf 85' lang='lat' dir='ltr'><strong>et</strong></span> <span class='ocrx_word' id='word_1_284' title='bbox 1056 3576 1095 3606; x_wconf 78' lang='lat' dir='ltr'><strong>nra.</strong></span> <span class='ocrx_word' id='word_1_285' title='bbox 1111 3565 1190 3606; x_wconf 78' lang='lat' dir='ltr'><strong>Metelli</strong></span> 
     </span>
    </p>
   </div>
   <div class='ocr_carea' id='block_1_5' title="bbox 349 3680 1677 5402">
    <p class='ocr_par' dir='ltr' id='par_1_7' title="bbox 349 3680 1677 5402">
     <span class='ocr_line' id='line_1_29' title="bbox 358 3680 1676 3764; baseline -0.008 -20"><span class='ocrx_word' id='word_1_286' title='bbox 358 3689 388 3744; x_wconf 93' lang='lat' dir='ltr'><strong>in</strong></span> <span class='ocrx_word' id='word_1_287' title='bbox 410 3685 645 3764; x_wconf 81' lang='lat' dir='ltr'><strong>Epigrammatis</strong></span> <span class='ocrx_word' id='word_1_288' title='bbox 667 3687 749 3744; x_wconf 91' lang='lat' dir='ltr'><strong>urbis</strong></span> <span class='ocrx_word' id='word_1_289' title='bbox 765 3685 880 3744; x_wconf 88' lang='lat' dir='ltr'><strong>Romae</strong></span> <span class='ocrx_word' id='word_1_290' title='bbox 902 3686 1025 3762; x_wconf 89' lang='lat' dir='ltr'><strong>eiusque</strong></span> <span class='ocrx_word' id='word_1_291' title='bbox 1040 3685 1196 3744; x_wconf 87' lang='lat' dir='ltr'><strong>Addendis</strong></span> <span class='ocrx_word' id='word_1_292' title='bbox 1218 3686 1375 3762; x_wconf 86' lang='lat' dir='ltr'><strong>impressis</strong></span> <span class='ocrx_word' id='word_1_293' title='bbox 1398 3685 1478 3761; x_wconf 91' lang='lat' dir='ltr'><strong>apud</strong></span> <span class='ocrx_word' id='word_1_294' title='bbox 1502 3680 1676 3744; x_wconf 88' lang='lat' dir='ltr'><strong>Mazochiun</strong></span> 
     </span>
     <span class='ocr_line' id='line_1_30' title="bbox 356 3783 1677 3866; baseline -0.005 -21"><span class='ocrx_word' id='word_1_295' title='bbox 356 3808 416 3846; x_wconf 94' lang='lat' dir='ltr'><strong>non</strong></span> <span class='ocrx_word' id='word_1_296' title='bbox 444 3799 538 3860; x_wconf 88' lang='lat' dir='ltr'><strong>extat,</strong></span> <span class='ocrx_word' id='word_1_297' title='bbox 566 3809 621 3848; x_wconf 87' lang='lat' dir='ltr'><strong>nee</strong></span> <span class='ocrx_word' id='word_1_298' title='bbox 648 3789 783 3847; x_wconf 93' lang='lat' dir='ltr'><strong>meminit</strong></span> <span class='ocrx_word' id='word_1_299' title='bbox 809 3789 890 3847; x_wconf 92' lang='lat' dir='ltr'><strong>illius</strong></span> <span class='ocrx_word' id='word_1_300' title='bbox 919 3789 1058 3866; x_wconf 83' lang='lat' dir='ltr'><strong>syllegae</strong></span> <span class='ocrx_word' id='word_1_301' title='bbox 1085 3796 1189 3846; x_wconf 88' lang='lat' dir='ltr'><strong>auctor</strong></span> <span class='ocrx_word' id='word_1_302' title='bbox 1217 3788 1404 3847; x_wconf 85' lang='lat' dir='ltr'><strong>Albertinius</strong></span> <span class='ocrx_word' id='word_1_303' title='bbox 1430 3789 1462 3846; x_wconf 92' lang='lat' dir='ltr'><strong>in</strong></span> <span class='ocrx_word' id='word_1_304' title='bbox 1490 3783 1677 3860; x_wconf 86' lang='lat' dir='ltr'><strong>descriptione</strong></span> 
     </span>
     <span class='ocr_line' id='line_1_31' title="bbox 356 3889 1676 3968; baseline 0.001 -21"><span class='ocrx_word' id='word_1_305' title='bbox 356 3889 459 3963; x_wconf 87' lang='lat' dir='ltr'><strong>Urbis,</strong></span> <span class='ocrx_word' id='word_1_306' title='bbox 488 3893 559 3950; x_wconf 87' lang='lat' dir='ltr'><strong>lieet</strong></span> <span class='ocrx_word' id='word_1_307' title='bbox 584 3891 722 3966; x_wconf 89' lang='lat' dir='ltr'><strong>pluribus</strong></span> <span class='ocrx_word' id='word_1_308' title='bbox 750 3891 790 3948; x_wconf 90' lang='lat' dir='ltr'><strong>ibi</strong></span> <span class='ocrx_word' id='word_1_309' title='bbox 819 3890 855 3948; x_wconf 90' lang='lat' dir='ltr'><strong>de</strong></span> <span class='ocrx_word' id='word_1_310' title='bbox 882 3891 998 3949; x_wconf 86' lang='lat' dir='ltr'><strong>aerario</strong></span> <span class='ocrx_word' id='word_1_311' title='bbox 1028 3889 1209 3967; x_wconf 88' lang='lat' dir='ltr'><strong>Saturnique</strong></span> <span class='ocrx_word' id='word_1_312' title='bbox 1237 3892 1349 3968; x_wconf 91' lang='lat' dir='ltr'><strong>templo</strong></span> <span class='ocrx_word' id='word_1_313' title='bbox 1376 3890 1582 3968; x_wconf 87' lang='lat' dir='ltr'><strong>disputaverit.</strong></span> <span class='ocrx_word' id='word_1_314' title='bbox 1624 3899 1676 3942; x_wconf 77' lang='lat' dir='ltr'><strong>110n</strong></span> 
     </span>
     <span class='ocr_line' id='line_1_32' title="bbox 357 3980 1675 4072; baseline -0.006 -22"><span class='ocrx_word' id='word_1_315' title='bbox 357 3995 556 4051; x_wconf 90' lang='lat' dir='ltr'><strong>meminerunt</strong></span> <span class='ocrx_word' id='word_1_316' title='bbox 577 3980 754 4071; x_wconf 58' lang='lat' dir='ltr'><strong>astygrn&#39;phi</strong></span> <span class='ocrx_word' id='word_1_317' title='bbox 776 3993 888 4052; x_wconf 89' lang='lat' dir='ltr'><strong>saeculi</strong></span> <span class='ocrx_word' id='word_1_318' title='bbox 903 4010 964 4052; x_wconf 84' lang='lat' dir='ltr'><strong>xvr.</strong></span> <span class='ocrx_word' id='word_1_319' title='bbox 1009 3995 1063 4052; x_wconf 89' lang='lat' dir='ltr'><strong>sed</strong></span> <span class='ocrx_word' id='word_1_320' title='bbox 1084 4001 1205 4072; x_wconf 88' lang='lat' dir='ltr'><strong>praeter</strong></span> <span class='ocrx_word' id='word_1_321' title='bbox 1219 3995 1327 4052; x_wconf 87' lang='lat' dir='ltr'><strong>mirum</strong></span> <span class='ocrx_word' id='word_1_322' title='bbox 1344 3995 1401 4052; x_wconf 91' lang='lat' dir='ltr'><strong>hoc</strong></span> <span class='ocrx_word' id='word_1_323' title='bbox 1422 3997 1542 4053; x_wconf 90' lang='lat' dir='ltr'><strong>testium</strong></span> <span class='ocrx_word' id='word_1_324' title='bbox 1564 3992 1675 4049; x_wconf 90' lang='lat' dir='ltr'><strong>idoneo-</strong></span> 
     </span>
     <span class='ocr_line' id='line_1_33' title="bbox 353 4097 1676 4173; baseline -0.001 -21"><span class='ocrx_word' id='word_1_325' title='bbox 353 4117 419 4154; x_wconf 86' lang='lat' dir='ltr'><strong>rum</strong></span> <span class='ocrx_word' id='word_1_326' title='bbox 442 4097 594 4154; x_wconf 89' lang='lat' dir='ltr'><strong>silentium</strong></span> <span class='ocrx_word' id='word_1_327' title='bbox 617 4097 713 4171; x_wconf 89' lang='lat' dir='ltr'><strong>ipsius</strong></span> <span class='ocrx_word' id='word_1_328' title='bbox 737 4097 817 4154; x_wconf 91' lang='lat' dir='ltr'><strong>tituli</strong></span> <span class='ocrx_word' id='word_1_329' title='bbox 841 4097 932 4154; x_wconf 89' lang='lat' dir='ltr'><strong>verba</strong></span> <span class='ocrx_word' id='word_1_330' title='bbox 949 4097 1033 4168; x_wconf 90' lang='lat' dir='ltr'><strong>mihi,</strong></span> <span class='ocrx_word' id='word_1_331' title='bbox 1056 4117 1095 4156; x_wconf 88' lang='lat' dir='ltr'><strong>ox</strong></span> <span class='ocrx_word' id='word_1_332' title='bbox 1117 4116 1176 4173; x_wconf 90' lang='lat' dir='ltr'><strong>quo</strong></span> <span class='ocrx_word' id='word_1_333' title='bbox 1199 4097 1328 4172; x_wconf 88' lang='lat' dir='ltr'><strong>primurn</strong></span> <span class='ocrx_word' id='word_1_334' title='bbox 1350 4097 1614 4156; x_wconf 87' lang='lat' dir='ltr'><strong>intellexinomen</strong></span> <span class='ocrx_word' id='word_1_335' title='bbox 1634 4106 1676 4145; x_wconf 74' lang='lat' dir='ltr'><strong>ae·</strong></span> 
     </span>
     <span class='ocr_line' id='line_1_34' title="bbox 353 4191 1674 4277; baseline 0.003 -23"><span class='ocrx_word' id='word_1_336' title='bbox 353 4198 400 4254; x_wconf 88' lang='lat' dir='ltr'><strong>dis</strong></span> <span class='ocrx_word' id='word_1_337' title='bbox 417 4196 494 4274; x_wconf 90' lang='lat' dir='ltr'><strong>Opis</strong></span> <span class='ocrx_word' id='word_1_338' title='bbox 519 4209 548 4256; x_wconf 92' lang='lat' dir='ltr'><strong>et</strong></span> <span class='ocrx_word' id='word_1_339' title='bbox 564 4197 685 4256; x_wconf 85' lang='lat' dir='ltr'><strong>Saturni</strong></span> <span class='ocrx_word' id='word_1_340' title='bbox 708 4199 765 4256; x_wconf 90' lang='lat' dir='ltr'><strong>hoc</strong></span> <span class='ocrx_word' id='word_1_341' title='bbox 788 4199 854 4256; x_wconf 90' lang='lat' dir='ltr'><strong>solo</strong></span> <span class='ocrx_word' id='word_1_342' title='bbox 878 4200 1057 4258; x_wconf 86' lang='lat' dir='ltr'><strong>documento</strong></span> <span class='ocrx_word' id='word_1_343' title='bbox 1079 4218 1148 4258; x_wconf 88' lang='lat' dir='ltr'><strong>esse</strong></span> <span class='ocrx_word' id='word_1_344' title='bbox 1168 4199 1322 4270; x_wconf 91' lang='lat' dir='ltr'><strong>munitum,</strong></span> <span class='ocrx_word' id='word_1_345' title='bbox 1346 4201 1548 4277; x_wconf 87' lang='lat' dir='ltr'><strong>suspicionem</strong></span> <span class='ocrx_word' id='word_1_346' title='bbox 1572 4191 1674 4273; x_wconf 83' lang='lat' dir='ltr'><strong>gravis-</strong></span> 
     </span>
     <span class='ocr_line' id='line_1_35' title="bbox 356 4291 1675 4380; baseline -0.003 -24"><span class='ocrx_word' id='word_1_347' title='bbox 356 4300 461 4356; x_wconf 88' lang='lat' dir='ltr'><strong>simam</strong></span> <span class='ocrx_word' id='word_1_348' title='bbox 485 4308 651 4358; x_wconf 87' lang='lat' dir='ltr'><strong>moverunt.</strong></span> <span class='ocrx_word' id='word_1_349' title='bbox 695 4320 793 4376; x_wconf 90' lang='lat' dir='ltr'><strong>neque</strong></span> <span class='ocrx_word' id='word_1_350' title='bbox 816 4301 894 4358; x_wconf 92' lang='lat' dir='ltr'><strong>enim</strong></span> <span class='ocrx_word' id='word_1_351' title='bbox 918 4302 1054 4360; x_wconf 88' lang='lat' dir='ltr'><strong>conditae</strong></span> <span class='ocrx_word' id='word_1_352' title='bbox 1076 4302 1319 4380; x_wconf 89' lang='lat' dir='ltr'><strong>instaurataeque</strong></span> <span class='ocrx_word' id='word_1_353' title='bbox 1341 4303 1524 4379; x_wconf 88' lang='lat' dir='ltr'><strong>aliquotiens</strong></span> <span class='ocrx_word' id='word_1_354' title='bbox 1547 4297 1610 4358; x_wconf 88' lang='lat' dir='ltr'><strong>aedi</strong></span> <span class='ocrx_word' id='word_1_355' title='bbox 1629 4291 1675 4352; x_wconf 85' lang='lat' dir='ltr'><strong>Sa-</strong></span> 
     </span>
     <span class='ocr_line' id='line_1_36' title="bbox 353 4391 1674 4478; baseline -0.005 -20"><span class='ocrx_word' id='word_1_356' title='bbox 353 4403 432 4459; x_wconf 88' lang='lat' dir='ltr'><strong>turni</strong></span> <span class='ocrx_word' id='word_1_357' title='bbox 454 4391 552 4478; x_wconf 85' lang='lat' dir='ltr'><strong>potuit</strong></span> <span class='ocrx_word' id='word_1_358' title='bbox 574 4422 610 4460; x_wconf 88' lang='lat' dir='ltr'><strong>ea</strong></span> <span class='ocrx_word' id='word_1_359' title='bbox 632 4409 738 4473; x_wconf 85' lang='lat' dir='ltr'><strong>aetate,</strong></span> <span class='ocrx_word' id='word_1_360' title='bbox 762 4421 852 4478; x_wconf 90' lang='lat' dir='ltr'><strong>quam</strong></span> <span class='ocrx_word' id='word_1_361' title='bbox 874 4403 978 4462; x_wconf 88' lang='lat' dir='ltr'><strong>titulus</strong></span> <span class='ocrx_word' id='word_1_362' title='bbox 1001 4404 1058 4462; x_wconf 87' lang='lat' dir='ltr'><strong>iste</strong></span> <span class='ocrx_word' id='word_1_363' title='bbox 1081 4405 1250 4476; x_wconf 88' lang='lat' dir='ltr'><strong>ementitur,</strong></span> <span class='ocrx_word' id='word_1_364' title='bbox 1276 4405 1361 4463; x_wconf 90' lang='lat' dir='ltr'><strong>locus</strong></span> <span class='ocrx_word' id='word_1_365' title='bbox 1385 4405 1443 4464; x_wconf 87' lang='lat' dir='ltr'><strong>dici</strong></span> <span class='ocrx_word' id='word_1_366' title='bbox 1466 4398 1616 4478; x_wconf 87' lang='lat' dir='ltr'><strong>adsignari</strong></span> <span class='ocrx_word' id='word_1_367' title='bbox 1635 4393 1674 4452; x_wconf 91' lang='lat' dir='ltr'><strong>ni-</strong></span> 
     </span>
     <span class='ocr_line' id='line_1_37' title="bbox 352 4499 1675 4585; baseline 0 -25"><span class='ocrx_word' id='word_1_368' title='bbox 352 4505 461 4562; x_wconf 91' lang='lat' dir='ltr'><strong>mirum</strong></span> <span class='ocrx_word' id='word_1_369' title='bbox 488 4504 660 4564; x_wconf 87' lang='lat' dir='ltr'><strong>condendae</strong></span> <span class='ocrx_word' id='word_1_370' title='bbox 695 4505 960 4576; x_wconf 89' lang='lat' dir='ltr'><strong>instaurandaeve;</strong></span> <span class='ocrx_word' id='word_1_371' title='bbox 994 4526 1090 4582; x_wconf 91' lang='lat' dir='ltr'><strong>neque</strong></span> <span class='ocrx_word' id='word_1_372' title='bbox 1116 4527 1187 4565; x_wconf 83' lang='lat' dir='ltr'><strong>vero</strong></span> <span class='ocrx_word' id='word_1_373' title='bbox 1221 4507 1398 4585; x_wconf 88' lang='lat' dir='ltr'><strong>adsignandi</strong></span> <span class='ocrx_word' id='word_1_374' title='bbox 1432 4505 1609 4566; x_wconf 88' lang='lat' dir='ltr'><strong>vocabulum</strong></span> <span class='ocrx_word' id='word_1_375' title='bbox 1638 4499 1675 4554; x_wconf 71' lang='lat' dir='ltr'><strong>ita</strong></span> 
     </span>
     <span class='ocr_line' id='line_1_38' title="bbox 351 4598 1673 4684; baseline -0.002 -20"><span class='ocrx_word' id='word_1_376' title='bbox 351 4616 514 4684; x_wconf 86' lang='lat' dir='ltr'><strong>usurpatur</strong></span> <span class='ocrx_word' id='word_1_377' title='bbox 536 4615 568 4665; x_wconf 91' lang='lat' dir='ltr'><strong>ut</strong></span> <span class='ocrx_word' id='word_1_378' title='bbox 589 4607 688 4682; x_wconf 87' lang='lat' dir='ltr'><strong>possit</strong></span> <span class='ocrx_word' id='word_1_379' title='bbox 711 4607 747 4665; x_wconf 91' lang='lat' dir='ltr'><strong>de</strong></span> <span class='ocrx_word' id='word_1_380' title='bbox 770 4607 912 4665; x_wconf 89' lang='lat' dir='ltr'><strong>attributo</strong></span> <span class='ocrx_word' id='word_1_381' title='bbox 934 4608 965 4666; x_wconf 93' lang='lat' dir='ltr'><strong>in</strong></span> <span class='ocrx_word' id='word_1_382' title='bbox 988 4627 1075 4667; x_wconf 92' lang='lat' dir='ltr'><strong>usum</strong></span> <span class='ocrx_word' id='word_1_383' title='bbox 1095 4610 1178 4668; x_wconf 85' lang='lat' dir='ltr'><strong>aedis</strong></span> <span class='ocrx_word' id='word_1_384' title='bbox 1202 4611 1313 4668; x_wconf 91' lang='lat' dir='ltr'><strong>dudum</strong></span> <span class='ocrx_word' id='word_1_385' title='bbox 1336 4609 1472 4670; x_wconf 86' lang='lat' dir='ltr'><strong>conditae</strong></span> <span class='ocrx_word' id='word_1_386' title='bbox 1491 4611 1559 4667; x_wconf 87' lang='lat' dir='ltr'><strong>loco</strong></span> <span class='ocrx_word' id='word_1_387' title='bbox 1581 4598 1673 4662; x_wconf 76' lang='lat' dir='ltr'><strong>neseio</strong></span> 
     </span>
     <span class='ocr_line' id='line_1_39' title="bbox 351 4702 1669 4789; baseline -0.001 -23"><span class='ocrx_word' id='word_1_388' title='bbox 351 4728 412 4784; x_wconf 90' lang='lat' dir='ltr'><strong>quo</strong></span> <span class='ocrx_word' id='word_1_389' title='bbox 435 4711 550 4786; x_wconf 88' lang='lat' dir='ltr'><strong>attiguo</strong></span> <span class='ocrx_word' id='word_1_390' title='bbox 573 4709 678 4786; x_wconf 87' lang='lat' dir='ltr'><strong>accipi.</strong></span> <span class='ocrx_word' id='word_1_391' title='bbox 723 4709 939 4785; x_wconf 88' lang='lat' dir='ltr'><strong>sedquoniam</strong></span> <span class='ocrx_word' id='word_1_392' title='bbox 958 4730 1054 4787; x_wconf 89' lang='lat' dir='ltr'><strong>nuper</strong></span> <span class='ocrx_word' id='word_1_393' title='bbox 1074 4712 1253 4771; x_wconf 88' lang='lat' dir='ltr'><strong>Mommseni</strong></span> <span class='ocrx_word' id='word_1_394' title='bbox 1281 4713 1483 4789; x_wconf 88' lang='lat' dir='ltr'><strong>disputatione</strong></span> <span class='ocrx_word' id='word_1_395' title='bbox 1507 4702 1669 4787; x_wconf 77' lang='lat' dir='ltr'><strong>(epheml</strong></span> 
     </span>
     <span class='ocr_line' id='line_1_40' title="bbox 351 4810 1671 4890; baseline 0.002 -22"><span class='ocrx_word' id='word_1_396' title='bbox 351 4831 379 4885; x_wconf 93' lang='lat' dir='ltr'><strong>p.</strong></span> <span class='ocrx_word' id='word_1_397' title='bbox 397 4811 434 4870; x_wconf 84' lang='grc'><strong>67</strong></span> <span class='ocrx_word' id='word_1_398' title='bbox 453 4811 510 4888; x_wconf 87' lang='lat' dir='ltr'><strong>ss.)</strong></span> <span class='ocrx_word' id='word_1_399' title='bbox 544 4813 640 4870; x_wconf 90' lang='lat' dir='ltr'><strong>edocti</strong></span> <span class='ocrx_word' id='word_1_400' title='bbox 674 4830 779 4871; x_wconf 87' lang='lat' dir='ltr'><strong>sumus</strong></span> <span class='ocrx_word' id='word_1_401' title='bbox 807 4810 999 4872; x_wconf 82' lang='lat' dir='ltr'><strong>Guteustenii</strong></span> <span class='ocrx_word' id='word_1_402' title='bbox 1029 4813 1118 4872; x_wconf 88' lang='lat' dir='ltr'><strong>iidem</strong></span> <span class='ocrx_word' id='word_1_403' title='bbox 1152 4821 1321 4890; x_wconf 79' lang='lat' dir='ltr'><strong>suspectam</strong></span> <span class='ocrx_word' id='word_1_404' title='bbox 1349 4833 1426 4888; x_wconf 88' lang='lat' dir='ltr'><strong>esse,</strong></span> <span class='ocrx_word' id='word_1_405' title='bbox 1458 4816 1536 4873; x_wconf 92' lang='lat' dir='ltr'><strong>hunc</strong></span> <span class='ocrx_word' id='word_1_406' title='bbox 1564 4819 1671 4885; x_wconf 78' lang='lat' dir='ltr'><strong>quoque</strong></span> 
     </span>
     <span class='ocr_line' id='line_1_41' title="bbox 350 4907 1672 4993; baseline -0.001 -25"><span class='ocrx_word' id='word_1_407' title='bbox 350 4913 479 4986; x_wconf 90' lang='lat' dir='ltr'><strong>titulum,</strong></span> <span class='ocrx_word' id='word_1_408' title='bbox 503 4915 624 4990; x_wconf 90' lang='lat' dir='ltr'><strong>quoad</strong></span> <span class='ocrx_word' id='word_1_409' title='bbox 647 4935 737 4973; x_wconf 91' lang='lat' dir='ltr'><strong>unum</strong></span> <span class='ocrx_word' id='word_1_410' title='bbox 759 4933 863 4973; x_wconf 88' lang='lat' dir='ltr'><strong>omnes</strong></span> <span class='ocrx_word' id='word_1_411' title='bbox 885 4923 1026 4993; x_wconf 87' lang='lat' dir='ltr'><strong>tanquam</strong></span> <span class='ocrx_word' id='word_1_412' title='bbox 1048 4919 1178 4993; x_wconf 84' lang='lat' dir='ltr'><strong>genuino</strong></span> <span class='ocrx_word' id='word_1_413' title='bbox 1201 4924 1289 4975; x_wconf 87' lang='lat' dir='ltr'><strong>antea</strong></span> <span class='ocrx_word' id='word_1_414' title='bbox 1310 4917 1357 4976; x_wconf 89' lang='lat' dir='ltr'><strong>usi</strong></span> <span class='ocrx_word' id='word_1_415' title='bbox 1380 4925 1459 4989; x_wconf 91' lang='lat' dir='ltr'><strong>sunt,</strong></span> <span class='ocrx_word' id='word_1_416' title='bbox 1482 4907 1672 4974; x_wconf 81' lang='lat' dir='ltr'><strong>damnandum</strong></span> 
     </span>
     <span class='ocr_line' id='line_1_42' title="bbox 351 5003 1671 5096; baseline 0 -27"><span class='ocrx_word' id='word_1_417' title='bbox 351 5033 417 5072; x_wconf 81' lang='lat' dir='ltr'><strong>esse</strong></span> <span class='ocrx_word' id='word_1_418' title='bbox 439 5015 528 5073; x_wconf 88' lang='lat' dir='ltr'><strong>facile</strong></span> <span class='ocrx_word' id='word_1_419' title='bbox 549 5036 627 5075; x_wconf 90' lang='lat' dir='ltr'><strong>nunc</strong></span> <span class='ocrx_word' id='word_1_420' title='bbox 649 5019 702 5076; x_wconf 89' lang='lat' dir='ltr'><strong>tibi</strong></span> <span class='ocrx_word' id='word_1_421' title='bbox 729 5019 760 5076; x_wconf 91' lang='lat' dir='ltr'><strong>in</strong></span> <span class='ocrx_word' id='word_1_422' title='bbox 782 5018 927 5076; x_wconf 88' lang='lat' dir='ltr'><strong>Actorum</strong></span> <span class='ocrx_word' id='word_1_423' title='bbox 954 5028 1073 5078; x_wconf 89' lang='lat' dir='ltr'><strong>tuorum</strong></span> <span class='ocrx_word' id='word_1_424' title='bbox 1102 5019 1207 5077; x_wconf 92' lang='lat' dir='ltr'><strong>ultima</strong></span> <span class='ocrx_word' id='word_1_425' title='bbox 1235 5019 1353 5096; x_wconf 86' lang='lat' dir='ltr'><strong>pagella</strong></span> <span class='ocrx_word' id='word_1_426' title='bbox 1380 5020 1471 5078; x_wconf 89' lang='lat' dir='ltr'><strong>verbo</strong></span> <span class='ocrx_word' id='word_1_427' title='bbox 1500 5003 1671 5093; x_wconf 81' lang='lat' dir='ltr'><strong>significanti</strong></span> 
     </span>
     <span class='ocr_line' id='line_1_43' title="bbox 350 5112 1670 5198; baseline 0.001 -25"><span class='ocrx_word' id='word_1_428' title='bbox 350 5135 440 5190; x_wconf 91' lang='lat' dir='ltr'><strong>quam</strong></span> <span class='ocrx_word' id='word_1_429' title='bbox 462 5117 535 5174; x_wconf 90' lang='lat' dir='ltr'><strong>mihi</strong></span> <span class='ocrx_word' id='word_1_430' title='bbox 557 5119 695 5193; x_wconf 90' lang='lat' dir='ltr'><strong>pluribus</strong></span> <span class='ocrx_word' id='word_1_431' title='bbox 718 5121 871 5178; x_wconf 88' lang='lat' dir='ltr'><strong>enarranti</strong></span> <span class='ocrx_word' id='word_1_432' title='bbox 894 5121 981 5196; x_wconf 88' lang='lat' dir='ltr'><strong>periti</strong></span> <span class='ocrx_word' id='word_1_433' title='bbox 1003 5122 1109 5180; x_wconf 88' lang='lat' dir='ltr'><strong>malint</strong></span> <span class='ocrx_word' id='word_1_434' title='bbox 1131 5121 1286 5180; x_wconf 87' lang='lat' dir='ltr'><strong>adsentiri.</strong></span> <span class='ocrx_word' id='word_1_435' title='bbox 1330 5133 1455 5198; x_wconf 86' lang='lat' dir='ltr'><strong>apparet</strong></span> <span class='ocrx_word' id='word_1_436' title='bbox 1482 5127 1581 5176; x_wconf 88' lang='lat' dir='ltr'><strong>autem</strong></span> <span class='ocrx_word' id='word_1_437' title='bbox 1602 5112 1670 5168; x_wconf 70' lang='lat' dir='ltr'><strong>duas</strong></span> 
     </span>
     <span class='ocr_line' id='line_1_44' title="bbox 351 5213 1670 5301; baseline 0.002 -27"><span class='ocrx_word' id='word_1_438' title='bbox 351 5219 480 5276; x_wconf 88' lang='lat' dir='ltr'><strong>maxime</strong></span> <span class='ocrx_word' id='word_1_439' title='bbox 503 5237 550 5276; x_wconf 87' lang='lat' dir='ltr'><strong>res</strong></span> <span class='ocrx_word' id='word_1_440' title='bbox 573 5219 696 5279; x_wconf 86' lang='lat' dir='ltr'><strong>falsario</strong></span> <span class='ocrx_word' id='word_1_441' title='bbox 719 5221 848 5297; x_wconf 88' lang='lat' dir='ltr'><strong>fingendi</strong></span> <span class='ocrx_word' id='word_1_442' title='bbox 871 5225 1027 5282; x_wconf 87' lang='lat' dir='ltr'><strong>materiam</strong></span> <span class='ocrx_word' id='word_1_443' title='bbox 1051 5224 1273 5301; x_wconf 82' lang='lat' dir='ltr'><strong>suppeditasse:</strong></span> <span class='ocrx_word' id='word_1_444' title='bbox 1303 5225 1430 5300; x_wconf 89' lang='lat' dir='ltr'><strong>primum</strong></span> <span class='ocrx_word' id='word_1_445' title='bbox 1453 5221 1531 5280; x_wconf 90' lang='lat' dir='ltr'><strong>enim</strong></span> <span class='ocrx_word' id='word_1_446' title='bbox 1554 5236 1588 5276; x_wconf 91' lang='lat' dir='ltr'><strong>eo</strong></span> <span class='ocrx_word' id='word_1_447' title='bbox 1608 5213 1670 5288; x_wconf 78' lang='lat' dir='ltr'><strong>ipS⁰</strong></span> 
     </span>
     <span class='ocr_line' id='line_1_45' title="bbox 349 5317 1669 5402; baseline 0.005 -26"><span class='ocrx_word' id='word_1_448' title='bbox 349 5320 430 5393; x_wconf 90' lang='lat' dir='ltr'><strong>loco,</strong></span> <span class='ocrx_word' id='word_1_449' title='bbox 453 5339 512 5396; x_wconf 91' lang='lat' dir='ltr'><strong>quo</strong></span> <span class='ocrx_word' id='word_1_450' title='bbox 535 5320 628 5381; x_wconf 88' lang='lat' dir='ltr'><strong>istum</strong></span> <span class='ocrx_word' id='word_1_451' title='bbox 651 5323 780 5400; x_wconf 88' lang='lat' dir='ltr'><strong>lapidem</strong></span> <span class='ocrx_word' id='word_1_452' title='bbox 807 5325 961 5384; x_wconf 89' lang='lat' dir='ltr'><strong>inventum</strong></span> <span class='ocrx_word' id='word_1_453' title='bbox 988 5345 1055 5386; x_wconf 90' lang='lat' dir='ltr'><strong>esse</strong></span> <span class='ocrx_word' id='word_1_454' title='bbox 1077 5327 1157 5399; x_wconf 90' lang='lat' dir='ltr'><strong>dicit,</strong></span> <span class='ocrx_word' id='word_1_455' title='bbox 1184 5323 1236 5384; x_wconf 80' lang='lat' dir='ltr'><strong>‘ad</strong></span> <span class='ocrx_word' id='word_1_456' title='bbox 1259 5335 1372 5402; x_wconf 87' lang='lat' dir='ltr'><strong>septem</strong></span> <span class='ocrx_word' id='word_1_457' title='bbox 1394 5317 1554 5394; x_wconf 84' lang='lat' dir='ltr'><strong>lucernas&#39;‚</strong></span> <span class='ocrx_word' id='word_1_458' title='bbox 1580 5329 1669 5390; x_wconf 80' lang='lat' dir='ltr'><strong>reper-</strong></span> 
     </span>
    </p>
   </div>
   <div class='ocr_carea' id='block_1_6' title="bbox 0 0 1820 6040">
    <p class='ocr_par' dir='ltr' id='par_1_8' title="bbox 0 0 1820 6040">
     <span class='ocr_line' id='line_1_46' title="bbox 0 0 1820 6040; baseline 0 2"><span class='ocrx_word' id='word_1_459' title='bbox 0 0 1820 6040; x_wconf 95' lang='lat' dir='ltr'><strong> </strong></span> 
     </span>
    </p>
   </div>
  </div>
 </body>
</html>
