3596 6040
526 585 599 634 anx
625 585 792 634 nuruum
819 582 1070 634 virescsusrs.
1390 562 1460 634 173
1526 609 1528 614 -

146 759 218 830 trini,
239 759 387 830 tonstrini,
408 760 598 818 tabernarum
619 759 824 829 fulloniarum,
851 765 902 816 aut
929 757 1060 816 fortasse
1083 774 1232 834 suspenso
1255 776 1273 814 a
1294 759 1463 836 praescrip·

147 862 228 920 tionis
249 863 342 920 totius
364 861 440 938 legis
462 863 517 920 tali
538 863 599 920 fere
622 861 765 920 formula:
797 879 870 936 quae
890 863 1003 937 nepotis
1025 862 1154 937 officiave
1171 869 1345 936 procurator
1366 861 1463 920 metui·

147 964 229 1021 lorum
251 983 283 1022 ea
305 964 359 1022 lroc
381 966 440 1040 iope
462 965 605 1034 locaverit,
629 983 722 1022 cerunt
743 967 918 1040 nepotiarurn
940 965 1131 1039 officiorumue
1152 965 1335 1022 conductores
1358 964 1464 1040 sinpuli

141 1069 283 1142 pensiones
304 1068 376 1142 fisco
404 1067 533 1125 salvante
555 1071 594 1124 eis
626 1067 834 1124 condicionibus
861 1085 935 1142 puae
956 1067 1037 1140 infra
1062 1069 1187 1142 scriptae
1214 1075 1291 1136 sunt;
1325 1067 1465 1126 videlicet

145 1168 242 1226 balinei
255 1171 376 1246 fruendi
396 1173 503 1245 pensio
525 1169 568 1226 ita
589 1169 735 1228 solvenda
757 1168 804 1226 vel
827 1167 970 1227 similiter.
1016 1168 1094 1226 Tres
1117 1167 1168 1226 alii
1198 1168 1276 1228 tituli
1298 1167 1328 1244 (I
1343 1169 1375 1226 II
1392 1169 1464 1245 VII)

144 1279 233 1328 utrum
259 1273 398 1348 genetIvo
425 1291 463 1329 an
490 1271 672 1330 nominativo
699 1271 836 1347 concepti
865 1271 925 1329 sint
951 1291 989 1328 ex
1015 1271 1229 1330 vocabulorum
1255 1273 1360 1330 formis
1388 1271 1464 1346 ipsis

145 1381 220 1431 certo
252 1393 313 1432 non
346 1375 490 1450 sequitur.
543 1371 730 1432 Centesimee
759 1374 838 1430 euim
871 1381 900 1431 et
932 1374 1097 1448 scripturae
1129 1373 1200 1432 illae
1233 1374 1322 1434 etiam
1355 1374 1466 1450 plurali

143 1494 259 1533 numero
281 1475 376 1536 dictae
397 1495 463 1536 esse
485 1485 622 1552 possunt,
645 1476 687 1532 ita
709 1485 741 1534 ut
761 1475 974 1554 intellegantur
989 1477 1169 1534 centesimae
1189 1495 1244 1552 pro
1267 1496 1326 1534 una
1348 1481 1466 1553 quaque

144 1578 329 1652 stipulatione
352 1579 521 1656 argentaria
543 1578 714 1636 solvendae.
759 1576 930 1656 Scripturas
952 1587 1013 1636 tum
1030 1579 1123 1638 dictas
1139 1596 1206 1636 esse
1227 1581 1404 1654 putaverim,
1427 1579 1465 1638 si·

142 1681 246 1738 militer
268 1691 302 1739 ut
324 1688 472 1739 vetustam
494 1697 674 1758 pascuorum
697 1681 886 1759 scripturam,
913 1681 1073 1757 pensiones
1100 1681 1299 1758 praeconibus
1326 1700 1381 1758 pro
1407 1699 1466 1740 uuo

142 1799 253 1858 quoque
280 1785 443 1860 praeconio
471 1783 640 1841 solvendas.
684 1783 768 1840 Haec
793 1785 907 1842 incerta
929 1801 996 1842 esse
1019 1784 1093 1855 scio;
1123 1784 1175 1842 sed
1202 1803 1264 1844 uon
1285 1784 1382 1862 magis
1405 1804 1467 1842 cer·

142 1891 198 1942 tam
219 1895 293 1961 puto
316 1904 406 1962 quam
427 1886 670 1944 Mommsenus
696 1886 855 1963 proposuit
882 1887 913 1944 in
936 1886 1128 1944 adnotatione
1149 1887 1230 1944 inira
1249 1888 1350 1964 posita
1372 1887 1468 1962 expli·

141 1986 289 2046 cntionem.
334 1989 433 2065 Magis
453 1987 503 2046 hic
518 2007 636 2064 quoque
652 1989 769 2046 videtur
790 1988 991 2064 intellegenda
1013 2007 1082 2048 esse
1104 1989 1261 2047 conductio
1277 1989 1340 2048 sive
1361 1990 1468 2066 pensio

141 2091 316 2149 centesimae
338 2092 524 2169 argentariae
547 2091 759 2168 stipulationis,
786 2091 949 2166 scripturae
971 2092 1133 2168 praeconii,
1161 2092 1327 2166 scripturae
1349 2109 1466 2149 scaura-

141 2191 246 2251 riorum
269 2194 520 2252 attestationum.
565 2191 646 2251 Nam
668 2193 748 2268 quod
769 2193 801 2250 in
827 2194 922 2251 titulis
944 2193 1027 2252 hisce
1050 2195 1087 2252 ab
1110 2194 1205 2252 altero
1232 2194 1369 2270 genetivo
1392 2193 1468 2251 alter

140 2311 303 2370 suspensus
330 2303 377 2354 est
403 2315 464 2354 nou
495 2295 620 2354 offendit
645 2296 676 2353 in
704 2314 840 2354 sermone
867 2295 943 2372 legis
971 2315 1031 2354 non
1058 2296 1096 2353 ad
1124 2296 1240 2354 dicendi
1263 2306 1356 2354 artem
1379 2297 1468 2355 anxie

139 2395 274 2469 formato,
303 2399 354 2456 sed
383 2399 482 2476 potius
504 2398 616 2456 inculto
638 2398 748 2474 quique
770 2397 979 2474 perspicuitati
1005 2405 1120 2456 tantum
1143 2399 1296 2456 inserviat.
1341 2398 1469 2456 Restant

139 2499 213 2557 tituli
235 2501 298 2559 duo
321 2501 513 2559 nominativis
536 2505 625 2558 certis
649 2500 785 2576 concepti
807 2498 882 2558 VIII
905 2501 966 2557 iudi
986 2503 1118 2576 raspistri
1144 2510 1174 2558 et
1195 2500 1243 2558 IX
1267 2505 1468 2576 usurpationes

135 2611 285 2677 puteorum
307 2607 365 2662 siue
384 2606 589 2680 pittaciariurn.
634 2601 714 2661 Nam
738 2603 799 2660 larii
819 2606 952 2678 mopistri
973 2603 1064 2660 verba
1084 2621 1144 2661 non
1165 2622 1220 2680 pro
1243 2604 1390 2679 genetiuis
1416 2605 1467 2662 ha·

139 2705 232 2764 benda
258 2723 331 2764 esse
359 2707 451 2763 verba
475 2705 571 2782 ipsius
600 2705 707 2780 capitis
736 2705 811 2781 (ludi
836 2709 988 2780 inopistros
1005 2749 1012 2762 .
1029 2749 1036 2763 .
1054 2750 1060 2764 .
1078 2709 1212 2764 inmunes
1240 2725 1300 2764 esse
1326 2705 1468 2782 [placet])

138 2807 280 2879 suadeut3
302 2811 502 2884 usurpationes
524 2815 632 2878 antem,
655 2824 713 2864 non
736 2811 942 2884 usurpationis,
969 2808 1086 2866 videtur
1110 2827 1215 2866 revera
1237 2809 1380 2884 scriptum
1402 2826 1469 2866 esse
1519 2811 1522 2816 ’

137 2908 167 2966 in
191 2928 272 2984 aere,
302 2910 440 2986 quamvis
467 2929 502 2967 eo
533 2910 600 2968 loco
627 2928 748 2968 corroso
776 2929 871 2986 neque
898 2928 1023 2987 prorsus
1048 2912 1219 2988 perspicuo,
1265 2908 1324 2970 Sed
1352 2910 1471 2970 etiamsi

137 3017 335 3090 usurpationis
358 3012 477 3070 dedisse
500 3012 725 3088 quadratarium
754 3022 806 3070 aut
828 3021 906 3070 certe
929 3013 1000 3071 dare
1023 3013 1156 3071 voluisse
1181 3014 1349 3085 statuimus
1376 3022 1471 3072 restat

133 3117 333 3189 pittaciariurn
354 3115 460 3186 forma,
483 3133 560 3190 quac
576 3133 746 3190 quanquam
768 3115 887 3192 etipsa
908 3123 1008 3191 potest
1029 3116 1185 3193 genetivus
1208 3133 1275 3173 esse
1297 3135 1315 3172 a
1336 3115 1471 3174 nomina·

137 3216 195 3274 tivo
212 3221 390 3295 pittaciares
413 3225 464 3275 aut
483 3220 654 3293 pittaciaria
675 3227 756 3275 recte
777 3217 935 3290 formatae,
959 3227 1058 3277 tamen
1074 3218 1126 3276 vix
1145 3219 1342 3293 probabiliter
1362 3219 1472 3293 poterit

138 3321 279 3398 coniungi
305 3339 372 3378 cum
401 3320 605 3394 usurpationis
632 3319 791 3390 vocabulo,
819 3319 964 3396 quidquid
987 3321 1201 3396 praeterendo
1223 3321 1312 3379 huius
1335 3322 1412 3379 tituli
1434 3321 1471 3380 si·

137 3423 331 3497 gnificatione
353 3440 424 3480 sane
447 3422 635 3480 subobscura
656 3421 844 3480 indicaveris.
889 3422 994 3498 Itaque
1016 3418 1047 3480 iu
1069 3423 1224 3481 titulorum
1247 3423 1344 3482 forma
1362 3442 1471 3499 aequa·

139 3523 288 3584 bilitatem
315 3544 376 3582 non
403 3524 498 3602 magis
525 3523 660 3582 videmus
688 3535 837 3582 servatam
864 3542 931 3582 esse
957 3543 1048 3600 quam
1075 3525 1106 3582 iu
1134 3525 1283 3601 scriptura
1304 3533 1334 3583 et
1359 3527 1388 3583 in
1413 3545 1473 3585 ser·

137 3645 224 3687 mone
247 3628 339 3687 huius
361 3627 447 3703 legis.
491 3625 586 3684 Multo
609 3627 698 3684 etiam
721 3627 819 3684 minus
841 3628 873 3686 in
894 3627 1049 3686 titulorum
1077 3628 1154 3686 serie
1176 3637 1274 3686 certus
1297 3629 1370 3686 ordo
1392 3629 1472 3688 vide-

137 3737 185 3788 tur
206 3732 387 3790 observatus
410 3746 486 3788 esse.
531 3728 617 3786 Licet
639 3729 715 3786 enim
739 3739 809 3804 post
835 3731 1026 3788 centesImanr
1055 3731 1242 3806 argentariae
1269 3731 1472 3806 stipulationis

136 3841 216 3891 recte
239 3841 386 3909 sequatur
415 3831 563 3907 scriptura
589 3831 744 3907 praeconii
770 3833 945 3908 possintque
973 3833 1064 3889 etiam
1091 3849 1151 3889 non
1174 3833 1272 3907 inepte
1295 3833 1378 3908 iungi
1399 3833 1472 3891 bali-

138 3955 226 3994 neum
256 3935 405 3994 sutrinnm
433 3934 613 3992 tonstrinum
639 3932 792 4004 fullonica,
819 3940 919 3992 tamen
945 3945 1035 4010 caput
1062 3935 1151 3992 breve
1180 3934 1262 4010 quod
1284 3942 1331 3992 est
1352 3935 1389 3992 de
1410 3934 1474 3992 ludi

137 4039 293 4116 magistris
322 4037 521 4114 interponitur
548 4036 663 4093 ratione
686 4035 768 4093 nulla
793 4035 870 4093 inter
892 4037 1071 4112 scripturam
1094 4037 1312 4095 scaurariorum
1336 4047 1365 4094 et
1386 4055 1472 4094 usur·

136 4143 279 4216 pationes
301 4149 467 4218 puteorum.
513 4136 652 4196 Ceterum
676 4159 712 4196 ne
735 4139 766 4196 in
787 4137 904 4214 legibus
920 4138 1038 4214 quidem
1060 4139 1165 4216 populi
1188 4139 1318 4198 Romani
1341 4139 1474 4197 ordinem

137 4245 256 4303 servari
278 4252 391 4302 certum
413 4249 443 4300 et
464 4241 654 4318 perspicuum
682 4241 733 4299 lex
756 4241 833 4299 Iulia
855 4241 1046 4318 municipalis
1068 4247 1208 4314 testatur3
1238 4243 1270 4300 in
1290 4242 1358 4320 lege
1379 4242 1473 4302 Urso·

136 4348 225 4406 nensi
250 4344 329 4404 idern
351 4363 447 4420 nuper
469 4344 629 4401 observare
651 4343 740 4401 licuit.
786 4344 834 4402 De
857 4345 1014 4402 universae
1036 4344 1128 4420 igitur
1150 4345 1225 4421 legis
1248 4363 1356 4421 genere
1378 4353 1408 4404 et
1430 4345 1474 4402 in-

138 4447 205 4507 dole
229 4448 321 4506 etiam
344 4467 382 4504 ex
404 4447 559 4506 titulorum
583 4455 768 4505 servatorum
792 4447 895 4505 ordine
917 4447 990 4506 certi
1010 4447 1085 4506 nihil
1109 4447 1273 4506 deducitur.

222 4549 338 4610 Notum
361 4556 407 4608 est
427 4550 631 4627 negotiatores
654 4549 808 4607 Romanos
831 4554 1065 4625 peregrinosque
1091 4551 1143 4625 qui
1170 4550 1329 4626 vectigalia
1353 4549 1614 4626 publicatamque.

138 4653 343 4712 conducerent
363 4652 525 4710 secundum
543 4659 690 4710 vetustam
710 4652 964 4725 consuetudinem,
987 4671 1076 4728 quam
1096 4652 1227 4712 fortasse
1249 4672 1287 4709 ex
1303 4653 1474 4710 Poenorum
1518 4659 1586 4701 tores

138 4756 307 4814 aliorumve
322 4755 518 4813 barbarorum
535 4755 672 4832 exemplo
688 4754 916 4827 licetderivare,
932 4756 963 4813 in
979 4756 1136 4813 societates
1153 4773 1243 4831 saepe
1258 4755 1376 4824 coiisse,
1399 4754 1476 4810 unde

138 4857 175 4914 de
199 4858 384 4916 conductore
406 4856 508 4932 aIIquo
532 4857 677 4933 singulari
700 4876 794 4932 paene
816 4855 981 4932 nunquam,
1004 4858 1058 4915 sed
1080 4865 1251 4914 constanter
1271 4855 1385 4914 fereda
1406 4874 1476 4914 con-

137 4960 317 5019 ductoribus
340 4960 451 5018 mentio
474 4958 550 5035 fitl).
595 4960 631 5016 In
655 4959 805 5034 Hispania
832 4959 952 5016 metalla
975 4960 1167 5036 potissImum
1193 4959 1289 5018 multa
1316 4958 1409 5018 sociis
1431 4959 1475 5016 lo-

222 5199 245 5263 1)
284 5201 354 5252 Vide
374 5217 439 5267 quae
458 5203 710 5252 Hirschfeldius
731 5201 865 5251 adnotavit
883 5203 900 5250 1.
915 5218 934 5252 s.
948 5217 968 5252 s.
990 5217 1015 5267 p.
1034 5204 1067 5252 ts
1093 5217 1208 5268 quaeque
1227 5203 1476 5269 Marquardtius

139 5293 249 5359 collegit
267 5293 330 5344 rdnc.
351 5277 599 5363 Staatscerwaltuup
617 5296 646 5345 H
664 5311 689 5360 p.
705 5292 757 5345 256
779 5295 838 5344 adu.
859 5295 885 5345 9.
