<?xml version="1.0" encoding="UTF-8"?>
<!DOCTYPE html PUBLIC "-//W3C//DTD XHTML 1.0 Transitional//EN"
    "http://www.w3.org/TR/xhtml1/DTD/xhtml1-transitional.dtd">
<html xmlns="http://www.w3.org/1999/xhtml" xml:lang="en" lang="en">
 <head>
  <title>
</title>
<meta http-equiv="Content-Type" content="text/html;charset=utf-8" />
  <meta name='ocr-system' content='tesseract 3.04.00' />
  <meta name='ocr-capabilities' content='ocr_page ocr_carea ocr_par ocr_line ocrx_word'/>
</head>
<body>
  <div class='ocr_page' id='page_1' title='image "./ephemerisepigra13instgoog_0194.png"; bbox 0 0 3620 6050; ppageno 0'>
   <div class='ocr_carea' id='block_1_1' title="bbox 542 606 1477 676">
    <p class='ocr_par' dir='ltr' id='par_1_1' title="bbox 542 606 1477 676">
     <span class='ocr_line' id='line_1_1' title="bbox 542 606 1477 676; baseline 0.001 -1"><span class='ocrx_word' id='word_1_1' title='bbox 542 625 617 676; x_wconf 80' lang='lat' dir='ltr'>unx</span> <span class='ocrx_word' id='word_1_2' title='bbox 643 623 811 676; x_wconf 78' lang='lat' dir='ltr'>murnum</span> <span class='ocrx_word' id='word_1_3' title='bbox 837 623 1087 676; x_wconf 78' lang='lat' dir='ltr'>vrrnscurvsrs.</span> <span class='ocrx_word' id='word_1_4' title='bbox 1407 606 1477 676; x_wconf 84' lang='grc'>179</span> 
     </span>
    </p>
   </div>
   <div class='ocr_carea' id='block_1_2' title="bbox 145 796 1480 3028">
    <p class='ocr_par' dir='ltr' id='par_1_2' title="bbox 145 796 1480 3028">
     <span class='ocr_line' id='line_1_2' title="bbox 156 796 1478 876; baseline -0.005 -14"><span class='ocrx_word' id='word_1_5' title='bbox 156 823 208 862; x_wconf 88' lang='lat' dir='ltr'>neo</span> <span class='ocrx_word' id='word_1_6' title='bbox 230 801 406 860; x_wconf 82' lang='lat' dir='ltr'><strong>tonstrinam</strong></span> <span class='ocrx_word' id='word_1_7' title='bbox 434 818 553 876; x_wconf 91' lang='lat' dir='ltr'>quoque</span> <span class='ocrx_word' id='word_1_8' title='bbox 581 800 611 856; x_wconf 89' lang='lat' dir='ltr'>in</span> <span class='ocrx_word' id='word_1_9' title='bbox 632 799 699 856; x_wconf 88' lang='lat' dir='ltr'>vico</span> <span class='ocrx_word' id='word_1_10' title='bbox 723 798 903 872; x_wconf 88' lang='lat' dir='ltr'>Vipasoeusi</span> <span class='ocrx_word' id='word_1_11' title='bbox 925 796 1124 856; x_wconf 76' lang='lat' dir='ltr'>exercendam</span> <span class='ocrx_word' id='word_1_12' title='bbox 1150 797 1325 857; x_wconf 89' lang='lat' dir='ltr'>conductori</span> <span class='ocrx_word' id='word_1_13' title='bbox 1350 799 1478 856; x_wconf 84' lang='lat' dir='ltr'>locatam</span> 
     </span>
     <span class='ocr_line' id='line_1_3' title="bbox 156 900 1479 977; baseline -0.005 -13"><span class='ocrx_word' id='word_1_14' title='bbox 156 924 227 964; x_wconf 90' lang='lat' dir='ltr'>esse.</span> <span class='ocrx_word' id='word_1_15' title='bbox 272 902 362 977; x_wconf 85' lang='lat' dir='ltr'>Quod</span> <span class='ocrx_word' id='word_1_16' title='bbox 383 903 414 960; x_wconf 89' lang='lat' dir='ltr'>in</span> <span class='ocrx_word' id='word_1_17' title='bbox 437 903 493 960; x_wconf 89' lang='lat' dir='ltr'>hoc</span> <span class='ocrx_word' id='word_1_18' title='bbox 516 901 612 977; x_wconf 91' lang='lat' dir='ltr'>capite</span> <span class='ocrx_word' id='word_1_19' title='bbox 634 901 666 959; x_wconf 91' lang='lat' dir='ltr'>in</span> <span class='ocrx_word' id='word_1_20' title='bbox 688 900 860 959; x_wconf 86' lang='lat' dir='ltr'>universum</span> <span class='ocrx_word' id='word_1_21' title='bbox 883 901 1107 976; x_wconf 81' lang='lat' dir='ltr'>praescribitur,</span> <span class='ocrx_word' id='word_1_22' title='bbox 1130 901 1340 960; x_wconf 88' lang='lat' dir='ltr'>conductorem</span> <span class='ocrx_word' id='word_1_23' title='bbox 1360 900 1479 977; x_wconf 91' lang='lat' dir='ltr'>privile·</span> 
     </span>
     <span class='ocr_line' id='line_1_4' title="bbox 154 1002 1478 1084; baseline -0.003 -20"><span class='ocrx_word' id='word_1_24' title='bbox 154 1009 200 1084; x_wconf 86' lang='lat' dir='ltr'>gio</span> <span class='ocrx_word' id='word_1_25' title='bbox 226 1025 281 1065; x_wconf 88' lang='lat' dir='ltr'>suo</span> <span class='ocrx_word' id='word_1_26' title='bbox 303 1007 347 1064; x_wconf 87' lang='lat' dir='ltr'>ita</span> <span class='ocrx_word' id='word_1_27' title='bbox 368 1005 426 1064; x_wconf 87' lang='lat' dir='ltr'>frui</span> <span class='ocrx_word' id='word_1_28' title='bbox 449 1005 565 1076; x_wconf 88' lang='lat' dir='ltr'>debere,</span> <span class='ocrx_word' id='word_1_29' title='bbox 592 1005 697 1080; x_wconf 85' lang='lat' dir='ltr'>nequis</span> <span class='ocrx_word' id='word_1_30' title='bbox 719 1002 796 1061; x_wconf 87' lang='lat' dir='ltr'>alius</span> <span class='ocrx_word' id='word_1_31' title='bbox 824 1003 854 1060; x_wconf 92' lang='lat' dir='ltr'>in</span> <span class='ocrx_word' id='word_1_32' title='bbox 876 1003 943 1061; x_wconf 89' lang='lat' dir='ltr'>vico</span> <span class='ocrx_word' id='word_1_33' title='bbox 965 1003 1152 1062; x_wconf 87' lang='lat' dir='ltr'>metallorum</span> <span class='ocrx_word' id='word_1_34' title='bbox 1181 1004 1295 1062; x_wconf 76' lang='lat' dir='ltr'>intrare</span> <span class='ocrx_word' id='word_1_35' title='bbox 1318 1004 1392 1062; x_wconf 86' lang='lat' dir='ltr'>fines</span> <span class='ocrx_word' id='word_1_36' title='bbox 1414 1003 1478 1061; x_wconf 89' lang='lat' dir='ltr'>eius</span> 
     </span>
     <span class='ocr_line' id='line_1_5' title="bbox 154 1105 1478 1186; baseline -0.006 -17"><span class='ocrx_word' id='word_1_37' title='bbox 154 1111 227 1186; x_wconf 91' lang='lat' dir='ltr'>(sive</span> <span class='ocrx_word' id='word_1_38' title='bbox 249 1107 331 1186; x_wconf 91' lang='lat' dir='ltr'>quod</span> <span class='ocrx_word' id='word_1_39' title='bbox 353 1108 432 1165; x_wconf 91' lang='lat' dir='ltr'>idem</span> <span class='ocrx_word' id='word_1_40' title='bbox 456 1107 623 1184; x_wconf 79' lang='lat' dir='ltr'>sIgniticare</span> <span class='ocrx_word' id='word_1_41' title='bbox 637 1105 775 1177; x_wconf 78' lang='lat' dir='ltr'>vidimuS,</span> <span class='ocrx_word' id='word_1_42' title='bbox 798 1105 829 1162; x_wconf 90' lang='lat' dir='ltr'>in</span> <span class='ocrx_word' id='word_1_43' title='bbox 852 1105 1009 1163; x_wconf 88' lang='lat' dir='ltr'>territoriis</span> <span class='ocrx_word' id='word_1_44' title='bbox 1030 1106 1109 1182; x_wconf 90' lang='lat' dir='ltr'>eius)</span> <span class='ocrx_word' id='word_1_45' title='bbox 1133 1107 1313 1164; x_wconf 89' lang='lat' dir='ltr'>tonstrinum</span> <span class='ocrx_word' id='word_1_46' title='bbox 1336 1116 1478 1181; x_wconf 83' lang='lat' dir='ltr'>quaestus</span> 
     </span>
     <span class='ocr_line' id='line_1_6' title="bbox 154 1207 1480 1286; baseline -0.004 -16"><span class='ocrx_word' id='word_1_47' title='bbox 154 1231 241 1270; x_wconf 88' lang='lat' dir='ltr'>causa</span> <span class='ocrx_word' id='word_1_48' title='bbox 261 1211 362 1281; x_wconf 84' lang='lat' dir='ltr'>faciat,</span> <span class='ocrx_word' id='word_1_49' title='bbox 384 1211 414 1269; x_wconf 91' lang='lat' dir='ltr'>id</span> <span class='ocrx_word' id='word_1_50' title='bbox 437 1210 536 1286; x_wconf 89' lang='lat' dir='ltr'>potuit</span> <span class='ocrx_word' id='word_1_51' title='bbox 558 1208 697 1268; x_wconf 87' lang='lat' dir='ltr'>similiter</span> <span class='ocrx_word' id='word_1_52' title='bbox 719 1209 807 1266; x_wconf 89' lang='lat' dir='ltr'>etiam</span> <span class='ocrx_word' id='word_1_53' title='bbox 832 1207 868 1264; x_wconf 93' lang='lat' dir='ltr'>de</span> <span class='ocrx_word' id='word_1_54' title='bbox 890 1208 1014 1282; x_wconf 79' lang='lat' dir='ltr'>reIIquis</span> <span class='ocrx_word' id='word_1_55' title='bbox 1036 1209 1237 1267; x_wconf 83' lang='lat' dir='ltr'>locationibus</span> <span class='ocrx_word' id='word_1_56' title='bbox 1259 1209 1328 1280; x_wconf 88' lang='lat' dir='ltr'>dici,</span> <span class='ocrx_word' id='word_1_57' title='bbox 1355 1227 1421 1266; x_wconf 92' lang='lat' dir='ltr'>cum</span> <span class='ocrx_word' id='word_1_58' title='bbox 1445 1227 1480 1265; x_wconf 86' lang='lat' dir='ltr'>ea</span> 
     </span>
     <span class='ocr_line' id='line_1_7' title="bbox 153 1308 1479 1383; baseline -0.004 -10"><span class='ocrx_word' id='word_1_59' title='bbox 153 1316 291 1374; x_wconf 86' lang='lat' dir='ltr'>universa</span> <span class='ocrx_word' id='word_1_60' title='bbox 312 1312 472 1372; x_wconf 89' lang='lat' dir='ltr'>locationis</span> <span class='ocrx_word' id='word_1_61' title='bbox 495 1311 584 1370; x_wconf 92' lang='lat' dir='ltr'>huius</span> <span class='ocrx_word' id='word_1_62' title='bbox 607 1311 657 1368; x_wconf 82' lang='lat' dir='ltr'>lex</span> <span class='ocrx_word' id='word_1_63' title='bbox 680 1310 727 1368; x_wconf 90' lang='lat' dir='ltr'>sit.</span> <span class='ocrx_word' id='word_1_64' title='bbox 773 1308 833 1383; x_wconf 78' lang='lat' dir='ltr'>Qui</span> <span class='ocrx_word' id='word_1_65' title='bbox 849 1318 953 1368; x_wconf 87' lang='lat' dir='ltr'>contra</span> <span class='ocrx_word' id='word_1_66' title='bbox 974 1311 1053 1382; x_wconf 87' lang='lat' dir='ltr'>fecit,</span> <span class='ocrx_word' id='word_1_67' title='bbox 1077 1311 1251 1370; x_wconf 89' lang='lat' dir='ltr'>conductori</span> <span class='ocrx_word' id='word_1_68' title='bbox 1268 1311 1391 1369; x_wconf 89' lang='lat' dir='ltr'>multam</span> <span class='ocrx_word' id='word_1_69' title='bbox 1409 1311 1479 1368; x_wconf 88' lang='lat' dir='ltr'>dare</span> 
     </span>
     <span class='ocr_line' id='line_1_8' title="bbox 152 1413 1479 1491; baseline -0.003 -17"><span class='ocrx_word' id='word_1_70' title='bbox 152 1418 265 1476; x_wconf 90' lang='lat' dir='ltr'>iubetur</span> <span class='ocrx_word' id='word_1_71' title='bbox 286 1417 317 1474; x_wconf 93' lang='lat' dir='ltr'>iu</span> <span class='ocrx_word' id='word_1_72' title='bbox 340 1415 476 1491; x_wconf 84' lang='lat' dir='ltr'>singulos</span> <span class='ocrx_word' id='word_1_73' title='bbox 499 1414 743 1472; x_wconf 83' lang='lat' dir='ltr'>ferramentorum</span> <span class='ocrx_word' id='word_1_74' title='bbox 767 1431 855 1484; x_wconf 90' lang='lat' dir='ltr'>usus;</span> <span class='ocrx_word' id='word_1_75' title='bbox 884 1414 926 1470; x_wconf 88' lang='lat' dir='ltr'>ita</span> <span class='ocrx_word' id='word_1_76' title='bbox 953 1414 1092 1490; x_wconf 85' lang='lat' dir='ltr'>supplevi</span> <span class='ocrx_word' id='word_1_77' title='bbox 1118 1414 1255 1471; x_wconf 85' lang='lat' dir='ltr'>lacunam</span> <span class='ocrx_word' id='word_1_78' title='bbox 1278 1423 1401 1490; x_wconf 89' lang='lat' dir='ltr'>propter</span> <span class='ocrx_word' id='word_1_79' title='bbox 1422 1413 1479 1470; x_wconf 84' lang='lat' dir='ltr'>ler-</span> 
     </span>
     <span class='ocr_line' id='line_1_9' title="bbox 151 1515 1479 1594; baseline -0.002 -17"><span class='ocrx_word' id='word_1_80' title='bbox 151 1529 283 1578; x_wconf 84' lang='lat' dir='ltr'>ramenta</span> <span class='ocrx_word' id='word_1_81' title='bbox 303 1519 413 1576; x_wconf 88' lang='lat' dir='ltr'>diserte</span> <span class='ocrx_word' id='word_1_82' title='bbox 435 1518 466 1575; x_wconf 93' lang='lat' dir='ltr'>in</span> <span class='ocrx_word' id='word_1_83' title='bbox 489 1516 532 1574; x_wconf 89' lang='lat' dir='ltr'>eis</span> <span class='ocrx_word' id='word_1_84' title='bbox 548 1535 624 1593; x_wconf 89' lang='lat' dir='ltr'>quae</span> <span class='ocrx_word' id='word_1_85' title='bbox 647 1525 787 1574; x_wconf 89' lang='lat' dir='ltr'>secuntur</span> <span class='ocrx_word' id='word_1_86' title='bbox 803 1516 966 1574; x_wconf 85' lang='lat' dir='ltr'>nominata.</span> <span class='ocrx_word' id='word_1_87' title='bbox 1011 1515 1207 1574; x_wconf 86' lang='lat' dir='ltr'>Ferramenta</span> <span class='ocrx_word' id='word_1_88' title='bbox 1229 1517 1306 1594; x_wconf 88' lang='lat' dir='ltr'>ipsa,</span> <span class='ocrx_word' id='word_1_89' title='bbox 1330 1536 1366 1574; x_wconf 93' lang='lat' dir='ltr'>ne</span> <span class='ocrx_word' id='word_1_90' title='bbox 1382 1517 1479 1574; x_wconf 90' lang='lat' dir='ltr'>denuo</span> 
     </span>
     <span class='ocr_line' id='line_1_10' title="bbox 155 1618 1480 1694; baseline -0.001 -15"><span class='ocrx_word' id='word_1_91' title='bbox 155 1623 179 1680; x_wconf 85' lang='lat' dir='ltr'>ei</span> <span class='ocrx_word' id='word_1_92' title='bbox 195 1630 333 1692; x_wconf 83' lang='lat' dir='ltr'>noceant,</span> <span class='ocrx_word' id='word_1_93' title='bbox 349 1619 523 1678; x_wconf 89' lang='lat' dir='ltr'>conductori</span> <span class='ocrx_word' id='word_1_94' title='bbox 537 1618 698 1677; x_wconf 89' lang='lat' dir='ltr'>commissa</span> <span class='ocrx_word' id='word_1_95' title='bbox 713 1636 781 1676; x_wconf 87' lang='lat' dir='ltr'>esse</span> <span class='ocrx_word' id='word_1_96' title='bbox 796 1619 846 1676; x_wconf 86' lang='lat' dir='ltr'>lex</span> <span class='ocrx_word' id='word_1_97' title='bbox 862 1619 952 1676; x_wconf 86' lang='lat' dir='ltr'>iubet.</span> <span class='ocrx_word' id='word_1_98' title='bbox 983 1618 1182 1694; x_wconf 82' lang='lat' dir='ltr'>Excipiuntur</span> <span class='ocrx_word' id='word_1_99' title='bbox 1196 1619 1248 1694; x_wconf 90' lang='lat' dir='ltr'>qui</span> <span class='ocrx_word' id='word_1_100' title='bbox 1264 1638 1323 1676; x_wconf 91' lang='lat' dir='ltr'>non</span> <span class='ocrx_word' id='word_1_101' title='bbox 1339 1627 1480 1694; x_wconf 87' lang='lat' dir='ltr'>quaestus</span> 
     </span>
     <span class='ocr_line' id='line_1_11' title="bbox 151 1720 1479 1799; baseline -0.003 -17"><span class='ocrx_word' id='word_1_102' title='bbox 151 1743 248 1796; x_wconf 90' lang='lat' dir='ltr'>causa,</span> <span class='ocrx_word' id='word_1_103' title='bbox 272 1723 379 1782; x_wconf 89' lang='lat' dir='ltr'>sedin</span> <span class='ocrx_word' id='word_1_104' title='bbox 401 1721 529 1799; x_wconf 91' lang='lat' dir='ltr'>privatis</span> <span class='ocrx_word' id='word_1_105' title='bbox 546 1721 654 1779; x_wconf 87' lang='lat' dir='ltr'>officiis</span> <span class='ocrx_word' id='word_1_106' title='bbox 677 1729 770 1778; x_wconf 88' lang='lat' dir='ltr'>artem</span> <span class='ocrx_word' id='word_1_107' title='bbox 793 1721 933 1778; x_wconf 87' lang='lat' dir='ltr'>tondendi</span> <span class='ocrx_word' id='word_1_108' title='bbox 955 1729 1103 1778; x_wconf 86' lang='lat' dir='ltr'>exercent.</span> <span class='ocrx_word' id='word_1_109' title='bbox 1150 1720 1311 1780; x_wconf 87' lang='lat' dir='ltr'>Circitures</span> <span class='ocrx_word' id='word_1_110' title='bbox 1333 1740 1405 1780; x_wconf 90' lang='lat' dir='ltr'>vero</span> <span class='ocrx_word' id='word_1_111' title='bbox 1428 1721 1479 1778; x_wconf 88' lang='lat' dir='ltr'>alii</span> 
     </span>
     <span class='ocr_line' id='line_1_12' title="bbox 150 1822 1479 1904; baseline -0.003 -20"><span class='ocrx_word' id='word_1_112' title='bbox 150 1833 266 1904; x_wconf 88' lang='lat' dir='ltr'>praeter</span> <span class='ocrx_word' id='word_1_113' title='bbox 282 1843 344 1897; x_wconf 87' lang='lat' dir='ltr'>eos,</span> <span class='ocrx_word' id='word_1_114' title='bbox 361 1842 437 1901; x_wconf 87' lang='lat' dir='ltr'>quos</span> <span class='ocrx_word' id='word_1_115' title='bbox 453 1823 617 1882; x_wconf 89' lang='lat' dir='ltr'>conductor</span> <span class='ocrx_word' id='word_1_116' title='bbox 632 1822 723 1894; x_wconf 89' lang='lat' dir='ltr'>misit,</span> <span class='ocrx_word' id='word_1_117' title='bbox 746 1844 783 1882; x_wconf 89' lang='lat' dir='ltr'>ne</span> <span class='ocrx_word' id='word_1_118' title='bbox 798 1824 937 1900; x_wconf 90' lang='lat' dir='ltr'>privatim</span> <span class='ocrx_word' id='word_1_119' title='bbox 953 1823 1072 1899; x_wconf 90' lang='lat' dir='ltr'>quidem</span> <span class='ocrx_word' id='word_1_120' title='bbox 1089 1825 1224 1900; x_wconf 85' lang='lat' dir='ltr'>singulos</span> <span class='ocrx_word' id='word_1_121' title='bbox 1241 1824 1322 1882; x_wconf 90' lang='lat' dir='ltr'>domi</span> <span class='ocrx_word' id='word_1_122' title='bbox 1337 1823 1479 1881; x_wconf 90' lang='lat' dir='ltr'>tondendi</span> 
     </span>
     <span class='ocr_line' id='line_1_13' title="bbox 149 1925 1478 2002; baseline -0.002 -15"><span class='ocrx_word' id='word_1_123' title='bbox 149 1931 192 1988; x_wconf 90' lang='lat' dir='ltr'>ius</span> <span class='ocrx_word' id='word_1_124' title='bbox 214 1931 337 2000; x_wconf 89' lang='lat' dir='ltr'>habent,</span> <span class='ocrx_word' id='word_1_125' title='bbox 361 1946 421 1986; x_wconf 87' lang='lat' dir='ltr'>nou</span> <span class='ocrx_word' id='word_1_126' title='bbox 442 1927 539 2002; x_wconf 84' lang='lat' dir='ltr'>magis</span> <span class='ocrx_word' id='word_1_127' title='bbox 561 1943 649 2000; x_wconf 84' lang='lat' dir='ltr'>quam</span> <span class='ocrx_word' id='word_1_128' title='bbox 673 1926 699 1982; x_wconf 89' lang='lat' dir='ltr'>ei</span> <span class='ocrx_word' id='word_1_129' title='bbox 722 1926 773 2001; x_wconf 92' lang='lat' dir='ltr'>qui</span> <span class='ocrx_word' id='word_1_130' title='bbox 797 1926 826 1982; x_wconf 92' lang='lat' dir='ltr'>in</span> <span class='ocrx_word' id='word_1_131' title='bbox 850 1926 1004 1984; x_wconf 88' lang='lat' dir='ltr'>tonstrinis</span> <span class='ocrx_word' id='word_1_132' title='bbox 1028 1926 1159 1984; x_wconf 87' lang='lat' dir='ltr'>tondent.</span> <span class='ocrx_word' id='word_1_133' title='bbox 1205 1925 1280 1985; x_wconf 86' lang='lat' dir='ltr'>Cum</span> <span class='ocrx_word' id='word_1_134' title='bbox 1308 1927 1478 1984; x_wconf 86' lang='lat' dir='ltr'>tonsoribus</span> 
     </span>
     <span class='ocr_line' id='line_1_14' title="bbox 148 2029 1478 2106; baseline -0.002 -17"><span class='ocrx_word' id='word_1_135' title='bbox 148 2032 333 2090; x_wconf 87' lang='lat' dir='ltr'>circitoribus</span> <span class='ocrx_word' id='word_1_136' title='bbox 355 2031 432 2106; x_wconf 89' lang='lat' dir='ltr'>legis</span> <span class='ocrx_word' id='word_1_137' title='bbox 448 2029 537 2086; x_wconf 91' lang='lat' dir='ltr'>huius</span> <span class='ocrx_word' id='word_1_138' title='bbox 553 2029 722 2105; x_wconf 88' lang='lat' dir='ltr'>comparari</span> <span class='ocrx_word' id='word_1_139' title='bbox 744 2036 882 2104; x_wconf 87' lang='lat' dir='ltr'>possunt,</span> <span class='ocrx_word' id='word_1_140' title='bbox 906 2037 939 2086; x_wconf 92' lang='lat' dir='ltr'>ut</span> <span class='ocrx_word' id='word_1_141' title='bbox 954 2029 1199 2088; x_wconf 90' lang='lat' dir='ltr'>Mommsenus</span> <span class='ocrx_word' id='word_1_142' title='bbox 1222 2029 1347 2101; x_wconf 90' lang='lat' dir='ltr'>monuit,</span> <span class='ocrx_word' id='word_1_143' title='bbox 1372 2030 1478 2087; x_wconf 89' lang='lat' dir='ltr'>vestia-</span> 
     </span>
     <span class='ocr_line' id='line_1_15' title="bbox 147 2121 1478 2213; baseline -0.005 -21"><span class='ocrx_word' id='word_1_144' title='bbox 147 2136 257 2194; x_wconf 90' lang='lat' dir='ltr'>riorum</span> <span class='ocrx_word' id='word_1_145' title='bbox 282 2141 311 2190; x_wconf 90' lang='lat' dir='ltr'>et</span> <span class='ocrx_word' id='word_1_146' title='bbox 333 2133 538 2190; x_wconf 86' lang='lat' dir='ltr'>linteariorum</span> <span class='ocrx_word' id='word_1_147' title='bbox 561 2131 714 2189; x_wconf 86' lang='lat' dir='ltr'>circitoros</span> <span class='ocrx_word' id='word_1_148' title='bbox 736 2129 887 2206; x_wconf 88' lang='lat' dir='ltr'>Ulpiani</span> <span class='ocrx_word' id='word_1_149' title='bbox 910 2130 970 2206; x_wconf 88' lang='lat' dir='ltr'>dig.</span> <span class='ocrx_word' id='word_1_150' title='bbox 993 2129 1072 2188; x_wconf 91' lang='lat' dir='ltr'>XIV</span> <span class='ocrx_word' id='word_1_151' title='bbox 1089 2130 1117 2204; x_wconf 85' lang='lat'>3,</span> <span class='ocrx_word' id='word_1_152' title='bbox 1133 2131 1197 2204; x_wconf 85' lang='lat'>5‚4</span> <span class='ocrx_word' id='word_1_153' title='bbox 1221 2138 1250 2188; x_wconf 90' lang='lat' dir='ltr'>et</span> <span class='ocrx_word' id='word_1_154' title='bbox 1278 2121 1363 2213; x_wconf 71' lang='grc' dir='ltr'><em>ἰατροὶ</em></span> <span class='ocrx_word' id='word_1_155' title='bbox 1386 2131 1409 2188; x_wconf 84' lang='lat' dir='ltr'>oi</span> <span class='ocrx_word' id='word_1_156' title='bbox 1432 2150 1478 2187; x_wconf 83' lang='grc' dir='ltr'>πε-</span> 
     </span>
     <span class='ocr_line' id='line_1_16' title="bbox 147 2225 1477 2318; baseline 0 -26"><span class='ocrx_word' id='word_1_157' title='bbox 147 2226 285 2318; x_wconf 65' lang='lat' dir='ltr'>pabeam}</span> <span class='ocrx_word' id='word_1_158' title='bbox 304 2225 471 2301; x_wconf 68' lang='grc' dir='ltr'><em>καλούμενοι</em></span> <span class='ocrx_word' id='word_1_159' title='bbox 494 2233 695 2292; x_wconf 84' lang='lat' dir='ltr'>Modestini</span> <span class='ocrx_word' id='word_1_160' title='bbox 718 2233 777 2308; x_wconf 82' lang='lat' dir='ltr'>dig.</span> <span class='ocrx_word' id='word_1_161' title='bbox 801 2232 927 2289; x_wconf 85' lang='lat' dir='ltr'>XXVII</span> <span class='ocrx_word' id='word_1_162' title='bbox 951 2235 977 2302; x_wconf 93' lang='lat' dir='ltr'>l,</span> <span class='ocrx_word' id='word_1_163' title='bbox 1001 2233 1028 2302; x_wconf 84' lang='grc'>6,</span> <span class='ocrx_word' id='word_1_164' title='bbox 1052 2233 1077 2290; x_wconf 90' lang='grc' dir='ltr'>Ι.</span> <span class='ocrx_word' id='word_1_165' title='bbox 1123 2233 1182 2290; x_wconf 79' lang='lat' dir='ltr'>Hic</span> <span class='ocrx_word' id='word_1_166' title='bbox 1203 2251 1320 2310; x_wconf 87' lang='lat' dir='ltr'>quoque</span> <span class='ocrx_word' id='word_1_167' title='bbox 1343 2234 1477 2310; x_wconf 79' lang='lat' dir='ltr'>pignoris</span> 
     </span>
     <span class='ocr_line' id='line_1_17' title="bbox 148 2335 1477 2415; baseline -0.003 -19"><span class='ocrx_word' id='word_1_168' title='bbox 148 2339 243 2415; x_wconf 88' lang='lat' dir='ltr'>captio</span> <span class='ocrx_word' id='word_1_169' title='bbox 260 2337 433 2396; x_wconf 87' lang='lat' dir='ltr'>conceditur</span> <span class='ocrx_word' id='word_1_170' title='bbox 448 2336 620 2395; x_wconf 92' lang='lat' dir='ltr'>conductori</span> <span class='ocrx_word' id='word_1_171' title='bbox 643 2336 674 2393; x_wconf 90' lang='lat' dir='ltr'>in</span> <span class='ocrx_word' id='word_1_172' title='bbox 690 2352 802 2406; x_wconf 78' lang='lat' dir='ltr'>omncS,</span> <span class='ocrx_word' id='word_1_173' title='bbox 826 2335 876 2409; x_wconf 88' lang='lat' dir='ltr'>qui</span> <span class='ocrx_word' id='word_1_174' title='bbox 892 2342 996 2392; x_wconf 88' lang='lat' dir='ltr'>contra</span> <span class='ocrx_word' id='word_1_175' title='bbox 1017 2335 1114 2411; x_wconf 83' lang='lat' dir='ltr'>legem</span> <span class='ocrx_word' id='word_1_176' title='bbox 1136 2336 1258 2394; x_wconf 88' lang='lat' dir='ltr'>tondere</span> <span class='ocrx_word' id='word_1_177' title='bbox 1281 2337 1477 2412; x_wconf 89' lang='lat' dir='ltr'>susceperint,</span> 
     </span>
     <span class='ocr_line' id='line_1_18' title="bbox 147 2436 1477 2518; baseline -0.004 -19"><span class='ocrx_word' id='word_1_178' title='bbox 147 2441 300 2517; x_wconf 88' lang='lat' dir='ltr'>multaque</span> <span class='ocrx_word' id='word_1_179' title='bbox 321 2449 475 2518; x_wconf 89' lang='lat' dir='ltr'>praeterea</span> <span class='ocrx_word' id='word_1_180' title='bbox 497 2439 605 2496; x_wconf 91' lang='lat' dir='ltr'>dicitur</span> <span class='ocrx_word' id='word_1_181' title='bbox 626 2438 663 2508; x_wconf 88' lang='lat' dir='ltr'>ei,</span> <span class='ocrx_word' id='word_1_182' title='bbox 685 2437 737 2512; x_wconf 90' lang='lat' dir='ltr'>qui</span> <span class='ocrx_word' id='word_1_183' title='bbox 758 2437 866 2513; x_wconf 86' lang='lat' dir='ltr'>pignus</span> <span class='ocrx_word' id='word_1_184' title='bbox 882 2437 1046 2512; x_wconf 90' lang='lat' dir='ltr'>capientem</span> <span class='ocrx_word' id='word_1_185' title='bbox 1069 2437 1262 2512; x_wconf 86' lang='lat' dir='ltr'>prohibuerit.</span> <span class='ocrx_word' id='word_1_186' title='bbox 1309 2436 1394 2510; x_wconf 85' lang='lat' dir='ltr'>Quae</span> <span class='ocrx_word' id='word_1_187' title='bbox 1409 2456 1477 2514; x_wconf 89' lang='lat' dir='ltr'>pro-</span> 
     </span>
     <span class='ocr_line' id='line_1_19' title="bbox 145 2539 1477 2616; baseline -0.002 -16"><span class='ocrx_word' id='word_1_188' title='bbox 145 2545 305 2602; x_wconf 90' lang='lat' dir='ltr'>hibitiones</span> <span class='ocrx_word' id='word_1_189' title='bbox 327 2562 399 2601; x_wconf 91' lang='lat' dir='ltr'>num</span> <span class='ocrx_word' id='word_1_190' title='bbox 422 2543 452 2599; x_wconf 94' lang='lat' dir='ltr'>in</span> <span class='ocrx_word' id='word_1_191' title='bbox 475 2542 531 2598; x_wconf 93' lang='lat' dir='ltr'>hoc</span> <span class='ocrx_word' id='word_1_192' title='bbox 553 2540 741 2616; x_wconf 89' lang='lat' dir='ltr'>potissimum</span> <span class='ocrx_word' id='word_1_193' title='bbox 765 2540 885 2616; x_wconf 86' lang='lat' dir='ltr'>negotio</span> <span class='ocrx_word' id='word_1_194' title='bbox 911 2539 1082 2615; x_wconf 90' lang='lat' dir='ltr'>frequentes</span> <span class='ocrx_word' id='word_1_195' title='bbox 1108 2539 1217 2598; x_wconf 89' lang='lat' dir='ltr'>fuerint</span> <span class='ocrx_word' id='word_1_196' title='bbox 1239 2546 1328 2616; x_wconf 91' lang='lat' dir='ltr'>atque</span> <span class='ocrx_word' id='word_1_197' title='bbox 1352 2560 1416 2598; x_wconf 86' lang='lat' dir='ltr'>eam</span> <span class='ocrx_word' id='word_1_198' title='bbox 1439 2542 1477 2598; x_wconf 93' lang='lat' dir='ltr'>ob</span> 
     </span>
     <span class='ocr_line' id='line_1_20' title="bbox 146 2641 1476 2718; baseline -0.002 -14"><span class='ocrx_word' id='word_1_199' title='bbox 146 2665 265 2704; x_wconf 87' lang='lat' dir='ltr'>causam</span> <span class='ocrx_word' id='word_1_200' title='bbox 294 2646 343 2703; x_wconf 90' lang='lat' dir='ltr'>hic</span> <span class='ocrx_word' id='word_1_201' title='bbox 369 2653 483 2702; x_wconf 91' lang='lat' dir='ltr'>tantum</span> <span class='ocrx_word' id='word_1_202' title='bbox 510 2643 621 2701; x_wconf 89' lang='lat' dir='ltr'>diserte</span> <span class='ocrx_word' id='word_1_203' title='bbox 644 2652 853 2715; x_wconf 92' lang='lat' dir='ltr'>memorentur,</span> <span class='ocrx_word' id='word_1_204' title='bbox 879 2644 1067 2718; x_wconf 82' lang='lat' dir='ltr'>ignoramus3</span> <span class='ocrx_word' id='word_1_205' title='bbox 1090 2641 1218 2702; x_wconf 88' lang='lat' dir='ltr'>fortasse</span> <span class='ocrx_word' id='word_1_206' title='bbox 1241 2643 1351 2700; x_wconf 89' lang='lat' dir='ltr'>mentio</span> <span class='ocrx_word' id='word_1_207' title='bbox 1374 2663 1476 2701; x_wconf 85' lang='lat' dir='ltr'>earum</span> 
     </span>
     <span class='ocr_line' id='line_1_21' title="bbox 146 2745 1478 2823; baseline -0.002 -18"><span class='ocrx_word' id='word_1_208' title='bbox 146 2768 213 2807; x_wconf 84' lang='lat' dir='ltr'>casu</span> <span class='ocrx_word' id='word_1_209' title='bbox 235 2756 354 2806; x_wconf 87' lang='lat' dir='ltr'>tantum</span> <span class='ocrx_word' id='word_1_210' title='bbox 377 2747 425 2806; x_wconf 85' lang='lat' dir='ltr'>vel</span> <span class='ocrx_word' id='word_1_211' title='bbox 447 2746 637 2823; x_wconf 83' lang='lat' dir='ltr'>neglegentia</span> <span class='ocrx_word' id='word_1_212' title='bbox 659 2745 730 2803; x_wconf 88' lang='lat' dir='ltr'>alibi</span> <span class='ocrx_word' id='word_1_213' title='bbox 754 2746 874 2803; x_wconf 86' lang='lat' dir='ltr'>excidit.</span> <span class='ocrx_word' id='word_1_214' title='bbox 919 2745 1090 2820; x_wconf 86' lang='lat' dir='ltr'>Iniungitur</span> <span class='ocrx_word' id='word_1_215' title='bbox 1112 2754 1211 2804; x_wconf 89' lang='lat' dir='ltr'>autem</span> <span class='ocrx_word' id='word_1_216' title='bbox 1234 2745 1417 2816; x_wconf 90' lang='lat' dir='ltr'>conductori,</span> <span class='ocrx_word' id='word_1_217' title='bbox 1446 2754 1478 2804; x_wconf 91' lang='lat' dir='ltr'>ut</span> 
     </span>
     <span class='ocr_line' id='line_1_22' title="bbox 145 2848 1475 2926; baseline -0.002 -19"><span class='ocrx_word' id='word_1_218' title='bbox 145 2858 221 2908; x_wconf 90' lang='lat' dir='ltr'>recte</span> <span class='ocrx_word' id='word_1_219' title='bbox 243 2851 424 2909; x_wconf 89' lang='lat' dir='ltr'>tonstrinum</span> <span class='ocrx_word' id='word_1_220' title='bbox 441 2856 589 2920; x_wconf 86' lang='lat' dir='ltr'>exerceat,</span> <span class='ocrx_word' id='word_1_221' title='bbox 612 2867 702 2906; x_wconf 91' lang='lat' dir='ltr'>unum</span> <span class='ocrx_word' id='word_1_222' title='bbox 724 2849 862 2925; x_wconf 90' lang='lat' dir='ltr'>pluresve</span> <span class='ocrx_word' id='word_1_223' title='bbox 878 2848 1006 2906; x_wconf 85' lang='lat' dir='ltr'>artifices</span> <span class='ocrx_word' id='word_1_224' title='bbox 1028 2849 1151 2906; x_wconf 91' lang='lat' dir='ltr'>idoneos</span> <span class='ocrx_word' id='word_1_225' title='bbox 1173 2849 1204 2905; x_wconf 91' lang='lat' dir='ltr'>in</span> <span class='ocrx_word' id='word_1_226' title='bbox 1225 2849 1391 2926; x_wconf 89' lang='lat' dir='ltr'>portionem</span> <span class='ocrx_word' id='word_1_227' title='bbox 1408 2867 1475 2905; x_wconf 87' lang='lat' dir='ltr'>oon-</span> 
     </span>
     <span class='ocr_line' id='line_1_23' title="bbox 146 2951 1477 3028; baseline -0.002 -18"><span class='ocrx_word' id='word_1_228' title='bbox 146 2953 294 3012; x_wconf 81' lang='lat' dir='ltr'>ductionis</span> <span class='ocrx_word' id='word_1_229' title='bbox 316 2955 462 3028; x_wconf 79' lang='lat' dir='ltr'>reprere3</span> <span class='ocrx_word' id='word_1_230' title='bbox 485 2951 598 3010; x_wconf 88' lang='lat' dir='ltr'>scilicet</span> <span class='ocrx_word' id='word_1_231' title='bbox 621 2969 686 3008; x_wconf 89' lang='lat' dir='ltr'>cum</span> <span class='ocrx_word' id='word_1_232' title='bbox 709 2951 774 3008; x_wconf 88' lang='lat' dir='ltr'>fieri</span> <span class='ocrx_word' id='word_1_233' title='bbox 792 2951 889 3027; x_wconf 88' lang='lat' dir='ltr'>possit</span> <span class='ocrx_word' id='word_1_234' title='bbox 911 2959 945 3008; x_wconf 91' lang='lat' dir='ltr'>ut</span> <span class='ocrx_word' id='word_1_235' title='bbox 966 2951 1031 3028; x_wconf 92' lang='lat' dir='ltr'>ipse</span> <span class='ocrx_word' id='word_1_236' title='bbox 1053 2951 1196 3009; x_wconf 89' lang='lat' dir='ltr'>tondendi</span> <span class='ocrx_word' id='word_1_237' title='bbox 1218 2959 1311 3008; x_wconf 85' lang='lat' dir='ltr'>artem</span> <span class='ocrx_word' id='word_1_238' title='bbox 1335 2971 1394 3009; x_wconf 91' lang='lat' dir='ltr'>non</span> <span class='ocrx_word' id='word_1_239' title='bbox 1416 2952 1477 3008; x_wconf 91' lang='lat' dir='ltr'>cal-</span> 
     </span>
    </p>
   </div>
   <div class='ocr_carea' id='block_1_3' title="bbox 144 3037 1476 3336">
    <p class='ocr_par' dir='ltr' id='par_1_3' title="bbox 144 3037 1476 3336">
     <span class='ocr_line' id='line_1_24' title="bbox 144 3037 1476 3130; baseline 0 -18"><span class='ocrx_word' id='word_1_240' title='bbox 144 3057 211 3114; x_wconf 88' lang='lat' dir='ltr'>leat.</span> <span class='ocrx_word' id='word_1_241' title='bbox 255 3056 339 3113; x_wconf 91' lang='lat' dir='ltr'>Inter</span> <span class='ocrx_word' id='word_1_242' title='bbox 367 3063 458 3127; x_wconf 91' lang='lat' dir='ltr'>artes,</span> <span class='ocrx_word' id='word_1_243' title='bbox 486 3055 622 3130; x_wconf 88' lang='lat' dir='ltr'>quamvis</span> <span class='ocrx_word' id='word_1_244' title='bbox 646 3073 704 3110; x_wconf 93' lang='lat' dir='ltr'>non</span> <span class='ocrx_word' id='word_1_245' title='bbox 727 3054 878 3125; x_wconf 85' lang='lat' dir='ltr'>liberales,</span> <span class='ocrx_word' id='word_1_246' title='bbox 907 3054 1088 3112; x_wconf 91' lang='lat' dir='ltr'>tonstrinum</span> <span class='ocrx_word' id='word_1_247' title='bbox 1114 3037 1395 3112; x_wconf 76' lang='lat' dir='ltr'>numerarimirum</span> <span class='ocrx_word' id='word_1_248' title='bbox 1417 3072 1476 3112; x_wconf 89' lang='lat' dir='ltr'>non</span> 
     </span>
     <span class='ocr_line' id='line_1_25' title="bbox 145 3156 1475 3232; baseline -0.002 -16"><span class='ocrx_word' id='word_1_249' title='bbox 145 3167 197 3231; x_wconf 89' lang='lat' dir='ltr'>est,</span> <span class='ocrx_word' id='word_1_250' title='bbox 220 3178 290 3216; x_wconf 89' lang='lat' dir='ltr'>cum</span> <span class='ocrx_word' id='word_1_251' title='bbox 305 3175 409 3216; x_wconf 89' lang='lat' dir='ltr'>omnes</span> <span class='ocrx_word' id='word_1_252' title='bbox 432 3157 494 3214; x_wconf 85' lang='lat' dir='ltr'>lere</span> <span class='ocrx_word' id='word_1_253' title='bbox 510 3156 631 3232; x_wconf 90' lang='lat' dir='ltr'>opifices</span> <span class='ocrx_word' id='word_1_254' title='bbox 647 3164 741 3214; x_wconf 84' lang='lat' dir='ltr'>artem</span> <span class='ocrx_word' id='word_1_255' title='bbox 758 3175 896 3214; x_wconf 82' lang='lat' dir='ltr'>exercere</span> <span class='ocrx_word' id='word_1_256' title='bbox 917 3157 1053 3214; x_wconf 89' lang='lat' dir='ltr'>dicantur</span> <span class='ocrx_word' id='word_1_257' title='bbox 1072 3165 1165 3227; x_wconf 84' lang='lat' dir='ltr'>recte3</span> <span class='ocrx_word' id='word_1_258' title='bbox 1190 3175 1368 3214; x_wconf 86' lang='lat' dir='ltr'>noveramus</span> <span class='ocrx_word' id='word_1_259' title='bbox 1391 3175 1475 3232; x_wconf 87' lang='lat' dir='ltr'>prae·</span> 
     </span>
     <span class='ocr_line' id='line_1_26' title="bbox 144 3254 1476 3336; baseline -0.003 -18"><span class='ocrx_word' id='word_1_260' title='bbox 144 3271 233 3332; x_wconf 84' lang='lat' dir='ltr'>terea,</span> <span class='ocrx_word' id='word_1_261' title='bbox 264 3261 346 3336; x_wconf 92' lang='lat' dir='ltr'>quod</span> <span class='ocrx_word' id='word_1_262' title='bbox 374 3267 606 3318; x_wconf 88' lang='lat' dir='ltr'>consentaneum</span> <span class='ocrx_word' id='word_1_263' title='bbox 629 3265 684 3331; x_wconf 88' lang='lat' dir='ltr'>est,</span> <span class='ocrx_word' id='word_1_264' title='bbox 713 3259 901 3335; x_wconf 89' lang='lat' dir='ltr'>disciplinam</span> <span class='ocrx_word' id='word_1_265' title='bbox 929 3268 958 3316; x_wconf 86' lang='lat' dir='ltr'>et</span> <span class='ocrx_word' id='word_1_266' title='bbox 980 3254 1278 3316; x_wconf 75' lang='lat' dir='ltr'>exercitationcm&#39;in</span> <span class='ocrx_word' id='word_1_267' title='bbox 1300 3259 1357 3316; x_wconf 91' lang='lat' dir='ltr'>hoc</span> <span class='ocrx_word' id='word_1_268' title='bbox 1378 3259 1476 3316; x_wconf 81' lang='lat' dir='ltr'>officio</span> 
     </span>
    </p>
   </div>
   <div class='ocr_carea' id='block_1_4' title="bbox 143 3361 1610 3644">
    <p class='ocr_par' dir='ltr' id='par_1_4' title="bbox 143 3361 1610 3644">
     <span class='ocr_line' id='line_1_27' title="bbox 143 3361 715 3441; baseline -0.007 -19"><span class='ocrx_word' id='word_1_269' title='bbox 143 3365 244 3441; x_wconf 87' lang='lat' dir='ltr'>magni</span> <span class='ocrx_word' id='word_1_270' title='bbox 267 3381 385 3438; x_wconf 89' lang='lat' dir='ltr'>semper</span> <span class='ocrx_word' id='word_1_271' title='bbox 408 3362 582 3420; x_wconf 90' lang='lat' dir='ltr'>aestimatas</span> <span class='ocrx_word' id='word_1_272' title='bbox 605 3361 715 3437; x_wconf 80' lang='lat' dir='ltr'>esse1).</span> 
     </span>
     <span class='ocr_line' id='line_1_28' title="bbox 223 3461 1610 3542; baseline 0.002 -18"><span class='ocrx_word' id='word_1_273' title='bbox 223 3466 274 3524; x_wconf 92' lang='lat' dir='ltr'>De</span> <span class='ocrx_word' id='word_1_274' title='bbox 289 3465 455 3524; x_wconf 89' lang='lat' dir='ltr'>fullonibus</span> <span class='ocrx_word' id='word_1_275' title='bbox 472 3465 573 3522; x_wconf 87' lang='lat' dir='ltr'>omnia</span> <span class='ocrx_word' id='word_1_276' title='bbox 587 3473 658 3522; x_wconf 91' lang='lat' dir='ltr'>nota</span> <span class='ocrx_word' id='word_1_277' title='bbox 680 3461 797 3540; x_wconf 74' lang='lat' dir='ltr'>sunt2);</span> <span class='ocrx_word' id='word_1_278' title='bbox 819 3463 849 3520; x_wconf 91' lang='lat' dir='ltr'>iu</span> <span class='ocrx_word' id='word_1_279' title='bbox 866 3465 930 3522; x_wconf 90' lang='lat' dir='ltr'>vico</span> <span class='ocrx_word' id='word_1_280' title='bbox 948 3463 1127 3542; x_wconf 86' lang='lat' dir='ltr'>Vipascensi</span> <span class='ocrx_word' id='word_1_281' title='bbox 1150 3464 1257 3540; x_wconf 83' lang='lat' dir='ltr'>reIIqui</span> <span class='ocrx_word' id='word_1_282' title='bbox 1273 3465 1474 3540; x_wconf 85' lang='lat' dir='ltr'>negotiatores</span> <span class='ocrx_word' id='word_1_283' title='bbox 1493 3478 1533 3526; x_wconf 83' lang='lat' dir='ltr'>VI</span> <span class='ocrx_word' id='word_1_284' title='bbox 1559 3478 1610 3527; x_wconf 85' lang='lat' dir='ltr'>Ta-</span> 
     </span>
     <span class='ocr_line' id='line_1_29' title="bbox 143 3561 1598 3644; baseline -0.002 -18"><span class='ocrx_word' id='word_1_285' title='bbox 143 3569 279 3628; x_wconf 87' lang='lat' dir='ltr'>vestiarii</span> <span class='ocrx_word' id='word_1_286' title='bbox 299 3587 365 3625; x_wconf 88' lang='lat' dir='ltr'>cum</span> <span class='ocrx_word' id='word_1_287' title='bbox 387 3587 449 3625; x_wconf 88' lang='lat' dir='ltr'>non</span> <span class='ocrx_word' id='word_1_288' title='bbox 463 3576 674 3637; x_wconf 88' lang='lat' dir='ltr'>memorentur,</span> <span class='ocrx_word' id='word_1_289' title='bbox 697 3586 784 3624; x_wconf 91' lang='lat' dir='ltr'>omne</span> <span class='ocrx_word' id='word_1_290' title='bbox 806 3567 868 3624; x_wconf 88' lang='lat' dir='ltr'>fere</span> <span class='ocrx_word' id='word_1_291' title='bbox 891 3567 1136 3624; x_wconf 87' lang='lat' dir='ltr'>vestimentorum</span> <span class='ocrx_word' id='word_1_292' title='bbox 1153 3567 1302 3644; x_wconf 85' lang='lat' dir='ltr'>negotium</span> <span class='ocrx_word' id='word_1_293' title='bbox 1325 3568 1355 3625; x_wconf 90' lang='lat' dir='ltr'>in</span> <span class='ocrx_word' id='word_1_294' title='bbox 1378 3569 1474 3626; x_wconf 89' lang='lat' dir='ltr'>taber·</span> <span class='ocrx_word' id='word_1_295' title='bbox 1503 3561 1598 3609; x_wconf 82' lang='lat' dir='ltr'>hernae</span> 
     </span>
    </p>
   </div>
   <div class='ocr_carea' id='block_1_5' title="bbox 142 3645 1612 3754">
    <p class='ocr_par' dir='ltr' id='par_1_5' title="bbox 142 3645 1612 3754">
     <span class='ocr_line' id='line_1_30' title="bbox 142 3645 1612 3754; baseline -0.001 -25"><span class='ocrx_word' id='word_1_296' title='bbox 142 3672 187 3730; x_wconf 89' lang='lat' dir='ltr'>nis</span> <span class='ocrx_word' id='word_1_297' title='bbox 207 3671 344 3730; x_wconf 84' lang='lat' dir='ltr'>fullouiis</span> <span class='ocrx_word' id='word_1_298' title='bbox 366 3669 485 3728; x_wconf 89' lang='lat' dir='ltr'>videtur</span> <span class='ocrx_word' id='word_1_299' title='bbox 506 3669 609 3728; x_wconf 90' lang='lat' dir='ltr'>fuisse.</span> <span class='ocrx_word' id='word_1_300' title='bbox 652 3669 715 3725; x_wconf 85' lang='lat' dir='ltr'>Eae</span> <span class='ocrx_word' id='word_1_301' title='bbox 739 3687 858 3745; x_wconf 90' lang='lat' dir='ltr'>quoque</span> <span class='ocrx_word' id='word_1_302' title='bbox 884 3669 1021 3726; x_wconf 90' lang='lat' dir='ltr'>locantur</span> <span class='ocrx_word' id='word_1_303' title='bbox 1042 3669 1094 3737; x_wconf 88' lang='lat' dir='ltr'>ita,</span> <span class='ocrx_word' id='word_1_304' title='bbox 1126 3679 1159 3725; x_wconf 91' lang='lat' dir='ltr'>ut</span> <span class='ocrx_word' id='word_1_305' title='bbox 1184 3669 1292 3726; x_wconf 89' lang='lat' dir='ltr'>nemini</span> <span class='ocrx_word' id='word_1_306' title='bbox 1321 3679 1476 3745; x_wconf 86' lang='lat' dir='ltr'>praeterea</span> <span class='ocrx_word' id='word_1_307' title='bbox 1487 3645 1612 3754; x_wconf 41' lang='lat' dir='ltr'>sunm</span> 
     </span>
    </p>
   </div>
   <div class='ocr_carea' id='block_1_6' title="bbox 140 3728 1610 4358">
    <p class='ocr_par' dir='ltr' id='par_1_6' title="bbox 140 3728 1610 4138">
     <span class='ocr_line' id='line_1_31' title="bbox 142 3728 1610 3849; baseline -0.002 -17"><span class='ocrx_word' id='word_1_308' title='bbox 142 3783 287 3849; x_wconf 89' lang='lat' dir='ltr'>quaestus</span> <span class='ocrx_word' id='word_1_309' title='bbox 310 3790 404 3830; x_wconf 86' lang='lat' dir='ltr'>causa</span> <span class='ocrx_word' id='word_1_310' title='bbox 426 3772 459 3846; x_wconf 91' lang='lat' dir='ltr'>(i.</span> <span class='ocrx_word' id='word_1_311' title='bbox 483 3791 507 3830; x_wconf 90' lang='lat' dir='ltr'>e.</span> <span class='ocrx_word' id='word_1_312' title='bbox 531 3771 675 3841; x_wconf 76' lang='lat' dir='ltr'>mercede,</span> <span class='ocrx_word' id='word_1_313' title='bbox 699 3781 731 3828; x_wconf 90' lang='lat' dir='ltr'>ut</span> <span class='ocrx_word' id='word_1_314' title='bbox 753 3771 1001 3828; x_wconf 86' lang='lat' dir='ltr'>Buechelerus</span> <span class='ocrx_word' id='word_1_315' title='bbox 1024 3780 1104 3828; x_wconf 87' lang='lat' dir='ltr'>recte</span> <span class='ocrx_word' id='word_1_316' title='bbox 1127 3770 1270 3846; x_wconf 88' lang='lat' dir='ltr'>restituit)</span> <span class='ocrx_word' id='word_1_317' title='bbox 1298 3728 1610 3830; x_wconf 54' lang='lat' dir='ltr'>tvestirrre11t22‘&#39;‘²3&#39;45</span> 
     </span>
     <span class='ocr_line' id='line_1_32' title="bbox 141 3871 1475 3950; baseline -0.001 -19"><span class='ocrx_word' id='word_1_318' title='bbox 141 3877 236 3949; x_wconf 89' lang='lat' dir='ltr'>rudia,</span> <span class='ocrx_word' id='word_1_319' title='bbox 265 3895 284 3932; x_wconf 90' lang='lat' dir='ltr'>a</span> <span class='ocrx_word' id='word_1_320' title='bbox 309 3875 484 3932; x_wconf 88' lang='lat' dir='ltr'>mulieribus</span> <span class='ocrx_word' id='word_1_321' title='bbox 511 3885 584 3950; x_wconf 90' lang='lat' dir='ltr'>puto</span> <span class='ocrx_word' id='word_1_322' title='bbox 612 3883 704 3942; x_wconf 88' lang='lat' dir='ltr'>texta,</span> <span class='ocrx_word' id='word_1_323' title='bbox 731 3881 907 3930; x_wconf 87' lang='lat' dir='ltr'>recuratave</span> <span class='ocrx_word' id='word_1_324' title='bbox 933 3880 1062 3930; x_wconf 86' lang='lat' dir='ltr'>tractare</span> <span class='ocrx_word' id='word_1_325' title='bbox 1089 3872 1187 3929; x_wconf 88' lang='lat' dir='ltr'>liceat.</span> <span class='ocrx_word' id='word_1_326' title='bbox 1232 3871 1327 3930; x_wconf 90' lang='lat' dir='ltr'>Multa</span> <span class='ocrx_word' id='word_1_327' title='bbox 1353 3874 1396 3931; x_wconf 91' lang='lat' dir='ltr'>eis</span> <span class='ocrx_word' id='word_1_328' title='bbox 1424 3875 1475 3950; x_wconf 91' lang='lat' dir='ltr'>qui</span> 
     </span>
     <span class='ocr_line' id='line_1_33' title="bbox 140 3973 1474 4053; baseline -0.002 -18"><span class='ocrx_word' id='word_1_329' title='bbox 140 3988 244 4037; x_wconf 90' lang='lat' dir='ltr'>contra</span> <span class='ocrx_word' id='word_1_330' title='bbox 277 3977 402 4035; x_wconf 82' lang='lat' dir='ltr'>fecerint</span> <span class='ocrx_word' id='word_1_331' title='bbox 432 3977 462 4034; x_wconf 91' lang='lat' dir='ltr'>in</span> <span class='ocrx_word' id='word_1_332' title='bbox 496 3977 631 4053; x_wconf 83' lang='lat' dir='ltr'>singulas</span> <span class='ocrx_word' id='word_1_333' title='bbox 665 3975 788 4032; x_wconf 88' lang='lat' dir='ltr'>lacinias</span> <span class='ocrx_word' id='word_1_334' title='bbox 822 3974 936 4032; x_wconf 91' lang='lat' dir='ltr'>dicitur.</span> <span class='ocrx_word' id='word_1_335' title='bbox 981 3974 1122 4050; x_wconf 86' lang='lat' dir='ltr'>Pignoris</span> <span class='ocrx_word' id='word_1_336' title='bbox 1153 3973 1251 4050; x_wconf 90' lang='lat' dir='ltr'>captio</span> <span class='ocrx_word' id='word_1_337' title='bbox 1281 3974 1328 4032; x_wconf 90' lang='lat' dir='ltr'>hic</span> <span class='ocrx_word' id='word_1_338' title='bbox 1355 3992 1474 4051; x_wconf 89' lang='lat' dir='ltr'>quoque</span> 
     </span>
     <span class='ocr_line' id='line_1_34' title="bbox 141 4079 433 4138; baseline -0.003 -1"><span class='ocrx_word' id='word_1_339' title='bbox 141 4080 316 4138; x_wconf 87' lang='lat' dir='ltr'>conductori</span> <span class='ocrx_word' id='word_1_340' title='bbox 338 4079 433 4138; x_wconf 90' lang='lat' dir='ltr'>datur.</span> 
     </span>
    </p>

    <p class='ocr_par' dir='ltr' id='par_1_7' title="bbox 141 4179 1610 4358">
     <span class='ocr_line' id='line_1_35' title="bbox 222 4179 1578 4266; baseline -0.003 -26"><span class='ocrx_word' id='word_1_341' title='bbox 222 4181 314 4256; x_wconf 81' lang='lat' dir='ltr'>Quod</span> <span class='ocrx_word' id='word_1_342' title='bbox 342 4182 475 4258; x_wconf 90' lang='lat' dir='ltr'>sequitur</span> <span class='ocrx_word' id='word_1_343' title='bbox 503 4189 594 4258; x_wconf 87' lang='lat' dir='ltr'>caput</span> <span class='ocrx_word' id='word_1_344' title='bbox 623 4200 682 4238; x_wconf 88' lang='lat' dir='ltr'>una</span> <span class='ocrx_word' id='word_1_345' title='bbox 708 4199 773 4238; x_wconf 89' lang='lat' dir='ltr'>oum</span> <span class='ocrx_word' id='word_1_346' title='bbox 802 4181 906 4238; x_wconf 90' lang='lat' dir='ltr'>ultimo</span> <span class='ocrx_word' id='word_1_347' title='bbox 936 4180 971 4238; x_wconf 92' lang='lat' dir='ltr'>de</span> <span class='ocrx_word' id='word_1_348' title='bbox 999 4179 1075 4266; x_wconf 80' lang='lat' dir='ltr'>Ipsis</span> <span class='ocrx_word' id='word_1_349' title='bbox 1099 4179 1141 4238; x_wconf 90' lang='lat' dir='ltr'>eis</span> <span class='ocrx_word' id='word_1_350' title='bbox 1169 4179 1296 4254; x_wconf 88' lang='lat' dir='ltr'>opificiis</span> <span class='ocrx_word' id='word_1_351' title='bbox 1324 4189 1371 4238; x_wconf 89' lang='lat' dir='ltr'>est</span> <span class='ocrx_word' id='word_1_352' title='bbox 1398 4199 1474 4255; x_wconf 91' lang='lat' dir='ltr'>quae</span> <span class='ocrx_word' id='word_1_353' title='bbox 1525 4194 1578 4244; x_wconf 77' lang='lat' dir='ltr'>vn</span> 
     </span>
     <span class='ocr_line' id='line_1_36' title="bbox 141 4277 1610 4358; baseline -0.001 -16"><span class='ocrx_word' id='word_1_354' title='bbox 141 4286 178 4342; x_wconf 86' lang='lat' dir='ltr'>ad</span> <span class='ocrx_word' id='word_1_355' title='bbox 193 4285 382 4343; x_wconf 89' lang='lat' dir='ltr'>metallorum</span> <span class='ocrx_word' id='word_1_356' title='bbox 406 4285 613 4341; x_wconf 87' lang='lat' dir='ltr'>tractationem</span> <span class='ocrx_word' id='word_1_357' title='bbox 636 4284 793 4358; x_wconf 90' lang='lat' dir='ltr'>pertinent.</span> <span class='ocrx_word' id='word_1_358' title='bbox 837 4282 885 4339; x_wconf 92' lang='lat' dir='ltr'>De</span> <span class='ocrx_word' id='word_1_359' title='bbox 901 4291 964 4340; x_wconf 91' lang='lat' dir='ltr'>arte</span> <span class='ocrx_word' id='word_1_360' title='bbox 986 4291 1084 4340; x_wconf 87' lang='lat' dir='ltr'>autem</span> <span class='ocrx_word' id='word_1_361' title='bbox 1100 4282 1224 4340; x_wconf 89' lang='lat' dir='ltr'>metalla</span> <span class='ocrx_word' id='word_1_362' title='bbox 1244 4283 1391 4341; x_wconf 88' lang='lat' dir='ltr'>tractandi</span> <span class='ocrx_word' id='word_1_363' title='bbox 1407 4301 1474 4340; x_wconf 91' lang='lat' dir='ltr'>cum</span> <span class='ocrx_word' id='word_1_364' title='bbox 1497 4277 1610 4341; x_wconf 85' lang='lat' dir='ltr'>Scriptu-</span> 
     </span>
    </p>
   </div>
   <div class='ocr_carea' id='block_1_7' title="bbox 141 4375 1618 4564">
    <p class='ocr_par' dir='ltr' id='par_1_8' title="bbox 141 4375 1618 4564">
     <span class='ocr_line' id='line_1_37' title="bbox 141 4375 1618 4461; baseline -0.004 -16"><span class='ocrx_word' id='word_1_365' title='bbox 141 4395 258 4461; x_wconf 88' lang='lat' dir='ltr'>praeter</span> <span class='ocrx_word' id='word_1_366' title='bbox 289 4406 325 4444; x_wconf 89' lang='lat' dir='ltr'>ea</span> <span class='ocrx_word' id='word_1_367' title='bbox 352 4405 429 4461; x_wconf 90' lang='lat' dir='ltr'>quae</span> <span class='ocrx_word' id='word_1_368' title='bbox 461 4387 542 4461; x_wconf 87' lang='lat' dir='ltr'>apud</span> <span class='ocrx_word' id='word_1_369' title='bbox 569 4386 727 4444; x_wconf 89' lang='lat' dir='ltr'>Plinium</span> <span class='ocrx_word' id='word_1_370' title='bbox 755 4386 944 4460; x_wconf 88' lang='lat' dir='ltr'>potissimum</span> <span class='ocrx_word' id='word_1_371' title='bbox 972 4383 1017 4460; x_wconf 86' lang='lat' dir='ltr'>(in</span> <span class='ocrx_word' id='word_1_372' title='bbox 1045 4385 1190 4443; x_wconf 89' lang='lat' dir='ltr'>naturalis</span> <span class='ocrx_word' id='word_1_373' title='bbox 1218 4385 1362 4444; x_wconf 87' lang='lat' dir='ltr'>historiae</span> <span class='ocrx_word' id='word_1_374' title='bbox 1388 4385 1474 4443; x_wconf 88' lang='lat' dir='ltr'>libris</span> <span class='ocrx_word' id='word_1_375' title='bbox 1488 4375 1618 4457; x_wconf 38' lang='lat' dir='ltr'>‘wlcan‘</span> 
     </span>
     <span class='ocr_line' id='line_1_38' title="bbox 142 4459 1615 4564; baseline -0.006 -17"><span class='ocrx_word' id='word_1_376' title='bbox 142 4489 289 4548; x_wconf 90' lang='lat' dir='ltr'>XXXIII</span> <span class='ocrx_word' id='word_1_377' title='bbox 316 4497 345 4546; x_wconf 90' lang='lat' dir='ltr'>et</span> <span class='ocrx_word' id='word_1_378' title='bbox 370 4487 528 4564; x_wconf 87' lang='lat' dir='ltr'>XXXIV)</span> <span class='ocrx_word' id='word_1_379' title='bbox 553 4486 832 4563; x_wconf 87' lang='lat' dir='ltr'>Strabonemque</span> <span class='ocrx_word' id='word_1_380' title='bbox 859 4496 963 4546; x_wconf 83' lang='lat' dir='ltr'>extant</span> <span class='ocrx_word' id='word_1_381' title='bbox 993 4489 1055 4562; x_wconf 92' lang='lat' dir='ltr'>(III</span> <span class='ocrx_word' id='word_1_382' title='bbox 1073 4487 1136 4559; x_wconf 79' lang='lat'>2,8</span> <span class='ocrx_word' id='word_1_383' title='bbox 1166 4507 1193 4563; x_wconf 96' lang='lat' dir='ltr'>p.</span> <span class='ocrx_word' id='word_1_384' title='bbox 1214 4489 1271 4546; x_wconf 78' lang='lat'>145</span> <span class='ocrx_word' id='word_1_385' title='bbox 1296 4487 1375 4559; x_wconf 82' lang='lat' dir='ltr'>Cas,</span> <span class='ocrx_word' id='word_1_386' title='bbox 1398 4507 1474 4563; x_wconf 89' lang='lat' dir='ltr'>quae</span> <span class='ocrx_word' id='word_1_387' title='bbox 1488 4459 1615 4494; x_wconf 61' lang='lat' dir='ltr'><strong>mmmm</strong></span> 
     </span>
    </p>
   </div>
   <div class='ocr_carea' id='block_1_8' title="bbox 141 4535 1612 4769">
    <p class='ocr_par' dir='ltr' id='par_1_9' title="bbox 141 4535 1612 4769">
     <span class='ocr_line' id='line_1_39' title="bbox 141 4535 1609 4668; baseline -0.001 -21"><span class='ocrx_word' id='word_1_388' title='bbox 141 4610 156 4647; x_wconf 91' lang='lat' dir='ltr'>e</span> <span class='ocrx_word' id='word_1_389' title='bbox 177 4591 383 4650; x_wconf 89' lang='lat' dir='ltr'>Posidonio</span> <span class='ocrx_word' id='word_1_390' title='bbox 405 4591 499 4668; x_wconf 86' lang='lat' dir='ltr'>petita</span> <span class='ocrx_word' id='word_1_391' title='bbox 521 4598 589 4649; x_wconf 89' lang='lat' dir='ltr'>sunt</span> <span class='ocrx_word' id='word_1_392' title='bbox 611 4591 773 4648; x_wconf 87' lang='lat' dir='ltr'>maximam</span> <span class='ocrx_word' id='word_1_393' title='bbox 797 4589 925 4666; x_wconf 87' lang='lat' dir='ltr'>partem)</span> <span class='ocrx_word' id='word_1_394' title='bbox 953 4610 1012 4648; x_wconf 94' lang='lat' dir='ltr'>non</span> <span class='ocrx_word' id='word_1_395' title='bbox 1036 4590 1131 4648; x_wconf 91' lang='lat' dir='ltr'>multa</span> <span class='ocrx_word' id='word_1_396' title='bbox 1157 4591 1245 4648; x_wconf 89' lang='lat' dir='ltr'>nobis</span> <span class='ocrx_word' id='word_1_397' title='bbox 1268 4591 1378 4648; x_wconf 88' lang='lat' dir='ltr'>tradita</span> <span class='ocrx_word' id='word_1_398' title='bbox 1403 4590 1473 4662; x_wconf 89' lang='lat' dir='ltr'>sint,</span> <span class='ocrx_word' id='word_1_399' title='bbox 1495 4535 1609 4660; x_wconf 40' lang='lat' dir='ltr'>‘3513ssth-</span> 
     </span>
     <span class='ocr_line' id='line_1_40' title="bbox 141 4691 1612 4769; baseline -0.001 -19"><span class='ocrx_word' id='word_1_400' title='bbox 141 4693 261 4752; x_wconf 91' lang='lat' dir='ltr'>difficile</span> <span class='ocrx_word' id='word_1_401' title='bbox 284 4700 331 4750; x_wconf 92' lang='lat' dir='ltr'>est</span> <span class='ocrx_word' id='word_1_402' title='bbox 353 4712 429 4769; x_wconf 90' lang='lat' dir='ltr'>quae</span> <span class='ocrx_word' id='word_1_403' title='bbox 450 4694 498 4751; x_wconf 91' lang='lat' dir='ltr'>his</span> <span class='ocrx_word' id='word_1_404' title='bbox 526 4693 673 4769; x_wconf 89' lang='lat' dir='ltr'>capitibus</span> <span class='ocrx_word' id='word_1_405' title='bbox 703 4693 892 4751; x_wconf 90' lang='lat' dir='ltr'>continentur</span> <span class='ocrx_word' id='word_1_406' title='bbox 912 4695 1005 4751; x_wconf 89' lang='lat' dir='ltr'>verba</span> <span class='ocrx_word' id='word_1_407' title='bbox 1026 4699 1108 4750; x_wconf 88' lang='lat' dir='ltr'>certa</span> <span class='ocrx_word' id='word_1_408' title='bbox 1134 4693 1249 4750; x_wconf 89' lang='lat' dir='ltr'>ratione</span> <span class='ocrx_word' id='word_1_409' title='bbox 1271 4691 1423 4768; x_wconf 88' lang='lat' dir='ltr'>explicare</span> <span class='ocrx_word' id='word_1_410' title='bbox 1445 4700 1476 4749; x_wconf 89' lang='lat' dir='ltr'>et</span> <span class='ocrx_word' id='word_1_411' title='bbox 1490 4711 1513 4743; x_wconf 87' lang='lat' dir='ltr'>v·</span> <span class='ocrx_word' id='word_1_412' title='bbox 1529 4695 1612 4744; x_wconf 83' lang='grc'><strong>46-57</strong></span> 
     </span>
    </p>
   </div>
   <div class='ocr_carea' id='block_1_9' title="bbox 141 4793 1474 4872">
    <p class='ocr_par' dir='ltr' id='par_1_10' title="bbox 141 4793 1474 4872">
     <span class='ocr_line' id='line_1_41' title="bbox 141 4793 1474 4872; baseline -0.002 -19"><span class='ocrx_word' id='word_1_413' title='bbox 141 4797 291 4872; x_wconf 89' lang='lat' dir='ltr'>supplere.</span> <span class='ocrx_word' id='word_1_414' title='bbox 335 4796 464 4854; x_wconf 87' lang='lat' dir='ltr'>Frustra</span> <span class='ocrx_word' id='word_1_415' title='bbox 490 4805 569 4854; x_wconf 89' lang='lat' dir='ltr'>certe</span> <span class='ocrx_word' id='word_1_416' title='bbox 596 4795 717 4854; x_wconf 79' lang='lat' dir='ltr'>evolvas</span> <span class='ocrx_word' id='word_1_417' title='bbox 745 4814 821 4872; x_wconf 91' lang='lat' dir='ltr'>quos</span> <span class='ocrx_word' id='word_1_418' title='bbox 849 4813 905 4871; x_wconf 85' lang='lat' dir='ltr'>ego</span> <span class='ocrx_word' id='word_1_419' title='bbox 931 4795 1030 4853; x_wconf 88' lang='lat' dir='ltr'>evolvi</span> <span class='ocrx_word' id='word_1_420' title='bbox 1057 4795 1151 4852; x_wconf 89' lang='lat' dir='ltr'>libros</span> <span class='ocrx_word' id='word_1_421' title='bbox 1181 4803 1241 4852; x_wconf 87' lang='lat' dir='ltr'>tam</span> <span class='ocrx_word' id='word_1_422' title='bbox 1269 4811 1333 4867; x_wconf 91' lang='lat' dir='ltr'>eos,</span> <span class='ocrx_word' id='word_1_423' title='bbox 1360 4793 1410 4868; x_wconf 91' lang='lat' dir='ltr'>qui</span> <span class='ocrx_word' id='word_1_424' title='bbox 1437 4794 1474 4851; x_wconf 92' lang='lat' dir='ltr'>de</span> 
     </span>
    </p>
   </div>
   <div class='ocr_carea' id='block_1_10' title="bbox 140 5055 346 5065">
    <p class='ocr_par' dir='ltr' id='par_1_11' title="bbox 140 5055 346 5065">
     <span class='ocr_line' id='line_1_42' title="bbox 140 5055 346 5065; baseline -0.005 0"><span class='ocrx_word' id='word_1_425' title='bbox 140 5055 346 5065; x_wconf 75' lang='lat'>——-——</span> 
     </span>
    </p>
   </div>
   <div class='ocr_carea' id='block_1_11' title="bbox 217 5231 1096 5392">
    <p class='ocr_par' dir='ltr' id='par_1_12' title="bbox 217 5231 1096 5392">
     <span class='ocr_line' id='line_1_43' title="bbox 219 5231 1096 5298; baseline -0.003 -14"><span class='ocrx_word' id='word_1_426' title='bbox 219 5231 244 5294; x_wconf 91' lang='lat'>¹)</span> <span class='ocrx_word' id='word_1_427' title='bbox 284 5233 325 5284; x_wconf 84' lang='lat' dir='ltr'>cf.</span> <span class='ocrx_word' id='word_1_428' title='bbox 344 5233 596 5298; x_wconf 83' lang='lat' dir='ltr'>Marquardtius</span> <span class='ocrx_word' id='word_1_429' title='bbox 615 5234 632 5282; x_wconf 93' lang='lat' dir='ltr'>l.</span> <span class='ocrx_word' id='word_1_430' title='bbox 647 5249 667 5282; x_wconf 89' lang='lat' dir='ltr'>s.</span> <span class='ocrx_word' id='word_1_431' title='bbox 682 5249 702 5282; x_wconf 90' lang='lat' dir='ltr'>s.</span> <span class='ocrx_word' id='word_1_432' title='bbox 722 5250 747 5298; x_wconf 91' lang='lat' dir='ltr'>p.</span> <span class='ocrx_word' id='word_1_433' title='bbox 762 5233 813 5282; x_wconf 82' lang='lat'>205</span> <span class='ocrx_word' id='word_1_434' title='bbox 834 5233 894 5282; x_wconf 84' lang='lat' dir='ltr'>adn.</span> <span class='ocrx_word' id='word_1_435' title='bbox 916 5232 995 5283; x_wconf 85' lang='lat'>1904.</span> <span class='ocrx_word' id='word_1_436' title='bbox 1018 5231 1096 5284; x_wconf 83' lang='lat'>1905.</span> 
     </span>
     <span class='ocr_line' id='line_1_44' title="bbox 217 5323 880 5392; baseline -0.003 -16"><span class='ocrx_word' id='word_1_437' title='bbox 217 5323 244 5386; x_wconf 71' lang='lat'>²)</span> <span class='ocrx_word' id='word_1_438' title='bbox 283 5326 324 5376; x_wconf 82' lang='lat' dir='ltr'>Cf.</span> <span class='ocrx_word' id='word_1_439' title='bbox 343 5326 574 5392; x_wconf 86' lang='lat' dir='ltr'>Marquardtii</span> <span class='ocrx_word' id='word_1_440' title='bbox 593 5325 688 5376; x_wconf 88' lang='lat' dir='ltr'>enchir.</span> <span class='ocrx_word' id='word_1_441' title='bbox 704 5327 759 5378; x_wconf 78' lang='lat' dir='ltr'>Va</span> <span class='ocrx_word' id='word_1_442' title='bbox 779 5340 803 5390; x_wconf 89' lang='lat' dir='ltr'>p.</span> <span class='ocrx_word' id='word_1_443' title='bbox 819 5324 880 5375; x_wconf 89' lang='grc'><strong>139.</strong></span> 
     </span>
    </p>
   </div>
   <div class='ocr_carea' id='block_1_12' title="bbox 0 0 1814 6050">
    <p class='ocr_par' dir='ltr' id='par_1_13' title="bbox 0 0 1814 6050">
     <span class='ocr_line' id='line_1_45' title="bbox 0 0 1814 6050; baseline 0 4"><span class='ocrx_word' id='word_1_444' title='bbox 0 0 1814 6050; x_wconf 95' lang='lat' dir='ltr'> </span> 
     </span>
    </p>
   </div>
  </div>
 </body>
</html>
