3632 6040
539 1831 622 1942 nn
662 1830 876 1943 stultis
917 1829 1051 1944 ons

290 2094 704 2203 nanravsovn
735 2093 880 2190 oris
909 2097 990 2189 ur
1022 2097 1302 2198 sarvam

596 2313 820 2366 DISPVTATIO
844 2315 998 2366 ALTERA.

223 2803 471 2888 HENRIOVS
499 2803 759 2880 JORDANVS
787 2805 1057 2881 WILHELMO
1086 2805 1318 2884 HENZENO
1348 2834 1376 2882 s.

58 3147 73 3160 ‘
133 3062 232 3205 Ad
254 3144 413 3202 Arvalium
436 3144 629 3220 hemerologii
651 3144 793 3220 reliquias
817 3163 835 3202 a
857 3153 895 3216 te,
919 3144 964 3201 vir
986 3145 1256 3219 praestantissime,
1284 3163 1362 3203 anno
1389 3143 1467 3202 1868

132 3247 263 3323 primum
286 3246 383 3304 editas
406 3255 438 3304 ut
459 3246 579 3304 redeam
602 3246 807 3319 explicandas,
836 3265 957 3304 causam
980 3247 1076 3306 habeo
1099 3247 1231 3304 adlatam
1254 3247 1290 3304 ad
1314 3266 1360 3306 me
1382 3245 1468 3304 mihi·

133 3368 192 3425 que
221 3349 302 3407 dono
325 3348 425 3406 datam
447 3347 608 3406 editionem
631 3357 712 3406 tuam
735 3349 865 3407 eiusdem
889 3350 1072 3408 monumenti
1095 3349 1230 3408 alteram.
1273 3350 1305 3407 in
1332 3368 1367 3407 eo
1390 3349 1469 3407 enim

136 3452 290 3510 volumine
312 3469 380 3510 aum
403 3451 520 3508 videam
544 3457 573 3508 te
596 3451 710 3509 calculo
734 3459 785 3508 tuo
808 3453 1051 3528 comprobavisse
1074 3451 1299 3510 observationes
1323 3451 1469 3528 quasdam

133 3571 217 3613 meas
241 3573 336 3630 nuper
357 3552 393 3611 de
416 3554 509 3612 saeris
532 3553 703 3630 temploque
726 3552 802 3630 Opis
826 3553 959 3630 opiferae
982 3554 1092 3627 samaa,
1121 3553 1281 3629 reliquisse
1304 3561 1403 3611 autem
1424 3554 1469 3611 in·

133 3665 230 3715 tactas
254 3657 369 3732 aliquot
391 3655 603 3727 dubitationea
632 3674 709 3730 quae
738 3656 776 3713 ad
804 3655 937 3713 eiusdem
964 3657 1038 3714 deae
1064 3656 1152 3715 aedes
1175 3674 1277 3714 sacras
1301 3655 1471 3714 sacrariave

133 3767 215 3818 recte
238 3757 422 3816 dinoscenda
442 3759 624 3834 pertineant,
651 3757 753 3816 nescio
782 3776 820 3814 an
847 3758 900 3815 tibi
928 3759 1027 3835 operis
1055 3760 1129 3816 tanti
1157 3765 1217 3815 tam
1244 3758 1370 3816 feliciter
1397 3776 1415 3813 a
1442 3766 1471 3814 te

135 3861 288 3938 profligati
310 3861 437 3936 gratiam
458 3879 512 3937 pro
529 3860 606 3917 virili
630 3866 714 3936 parte
736 3859 886 3917 relaturus
902 3877 969 3918 esse
986 3859 1097 3931 videar,
1120 3860 1146 3918 si
1169 3859 1345 3917 solutionem
1369 3877 1470 3916 earum

137 3983 155 4020 a
177 3983 223 4021 me
251 3971 424 4039 temptatam
453 3962 490 4020 ad
518 3973 546 4019 te
576 3961 690 4020 mittam
719 3971 860 4038 tanquam
883 3963 988 4020 harum
1010 3981 1108 4019 rerum
1135 3963 1354 4020 aestimatorem
1377 3979 1468 4018 unum

136 4066 270 4124 omnium
293 4073 322 4122 et
344 4065 557 4144 gravissimum
578 4074 607 4122 et
629 4064 854 4140 aequissimum.

223 4165 283 4228 Sed
306 4167 433 4242 utquid
459 4167 502 4224 rei
530 4167 569 4225 sit
596 4173 626 4225 et
652 4175 684 4225 tu
706 4173 735 4224 et
758 4167 854 4243 siquis
876 4166 953 4224 alius
981 4168 1055 4224 haee
1077 4185 1145 4225 mea
1165 4166 1270 4244 legerit
1291 4165 1379 4224 facile
1401 4183 1471 4241 aog-

135 4271 281 4342 noscatis‚
304 4270 431 4346 primum
454 4270 725 4345 hemerologiorum
747 4270 879 4328 omnium
904 4270 940 4328 de
956 4267 1032 4346 Opis
1055 4269 1156 4329 saeris·
1172 4268 1345 4328 memoriam
1368 4267 1471 4327 tabula

138 4373 217 4432 infra
239 4371 371 4447 ascripta
393 4372 636 4447 repraesentabo:
