3632 6040
320 479 366 549 ta
911 499 1056 555 ronnas

317 673 445 752 imperio
468 674 499 731 iu
522 672 576 730 tali
600 691 718 749 quoque
742 673 949 732 communione
972 674 1078 732 ceteris
1100 675 1257 752 imposito:
1280 677 1310 734 id
1326 679 1405 753 quod
1427 689 1547 756 praeter
1562 679 1652 758 Capi·

319 779 445 836 tolinam
475 773 681 851 Graecumque
712 773 831 834 Cereris
855 775 981 834 Liberae
1003 776 1088 834 Libri
1111 779 1213 836 aedem
1242 799 1280 838 an
1302 797 1433 857 uuquam
1456 781 1572 840 Romae
1594 785 1653 843 fac-

319 894 383 940 tum
405 880 446 937 sit
468 878 580 937 dubita.
624 878 765 954 exempla
786 879 856 936 novi
878 878 971 938 nulla.
989 911 1026 921 —
1044 881 1253 940 sociandorum
1276 883 1430 942 numinum
1456 903 1566 945 causae
1587 907 1655 945 cum

319 983 429 1044 fuerint
444 981 622 1056 complures,
638 981 816 1058 praecipuae
832 981 916 1039 fuere
932 1000 1034 1040 eorum
1050 983 1189 1060 coniugia
1204 991 1292 1060 atque
1308 987 1489 1062 parentelae.
1527 990 1581 1047 sed
1597 990 1656 1048 hoc

320 1107 381 1147 uon
403 1087 446 1144 ita
468 1083 672 1160 accipiendum
696 1101 762 1142 esse
784 1092 817 1142 ut
838 1085 867 1141 in
891 1084 1064 1142 maritorum
1087 1085 1172 1144 cellis
1193 1105 1305 1146 uxores
1329 1089 1439 1165 ubique
1461 1101 1656 1152 consecratae

319 1190 430 1249 fuerint
451 1187 592 1264 exempla
613 1186 730 1244 docent.
774 1186 817 1244 ita
842 1185 880 1244 ad
901 1184 1006 1244 Lunae
1033 1187 1145 1246 factum
1172 1197 1220 1248 est
1240 1188 1346 1248 Lunae
1374 1201 1404 1250 et
1427 1191 1492 1253 Soli
1516 1195 1601 1252 cuius
1624 1196 1656 1253 in

322 1291 471 1368 Quirinali
500 1289 643 1366 templum
669 1287 734 1346 fuit.
778 1297 882 1346 contra
909 1288 947 1345 ad
973 1289 1127 1364 Apollinis
1154 1291 1266 1350 factum
1295 1293 1431 1368 Apollini
1461 1304 1489 1352 et
1517 1295 1656 1356 Latonae

323 1397 370 1456 eui
393 1393 536 1470 templum
560 1410 647 1450 suum
670 1391 784 1449 Romae
806 1410 865 1448 non
887 1391 1004 1449 videtur
1026 1391 1137 1464 fuisse3
1160 1393 1231 1453 item
1253 1395 1290 1453 ad
1313 1395 1446 1456 Telluris
1468 1397 1579 1456 factum
1600 1398 1655 1458 Ce-

322 1499 380 1558 reri
398 1513 580 1572 —quorum
602 1494 757 1552 numinum
779 1493 1017 1552 coniunctionem
1041 1493 1177 1555 doctrina
1199 1495 1384 1557 Graecanica
1406 1500 1484 1558 male
1510 1502 1657 1580 interpre-

323 1610 386 1662 tata
408 1609 462 1658 est.
506 1597 631 1655 feliciter
658 1605 756 1654 autem
786 1597 885 1654 evenit
913 1598 1149 1674 uttemplorum
1179 1599 1304 1658 duorum
1327 1598 1465 1661 Castoris
1487 1612 1517 1662 et
1539 1603 1658 1680 Vespa-

324 1705 402 1764 siani
429 1701 537 1760 rudera
566 1706 669 1758 extent
694 1699 737 1756 ita
764 1707 936 1775 comparata
967 1707 1000 1757 ut
1029 1719 1107 1759 nunc
1130 1719 1248 1778 quoque
1276 1721 1493 1780 cognoscamus
1522 1707 1657 1786 singulas

325 1807 446 1883 singula
468 1803 561 1862 cellas
584 1802 733 1860 habuisse.
777 1821 833 1859 nec
859 1801 948 1860 facile
977 1803 1136 1888 pristinum
1163 1805 1283 1863 schema
1310 1813 1361 1864 aut
1387 1807 1475 1865 buius
1499 1809 1582 1868 aedis
1606 1808 1659 1870 Se-

325 1927 412 1968 verus
436 1915 466 1964 et
487 1905 657 1962 Antoninus
679 1913 731 1962 aut
752 1903 833 1962 illius
857 1902 1049 1964 Domitianus
1072 1906 1183 1982 quique
1210 1915 1316 1983 postea
1345 1909 1541 1968 aedificarunt
1561 1919 1657 1970 muta-

324 2013 435 2081 verint3
468 2009 559 2066 immo
588 2007 670 2064 illius
698 2007 900 2082 pavimentum
933 2007 1042 2066 facturn
1072 2017 1140 2066 ante
1167 2016 1295 2069 aetatem
1323 2003 1487 2070 Domitiani
1521 2024 1660 2091 superest

325 2114 443 2174 sublato
467 2129 502 2170 eo
525 2109 606 2186 quod
628 2110 677 2168 hic
698 2109 724 2168 ei
746 2115 852 2186 postea
874 2111 1085 2187 superstruxit.
1130 2113 1214 2187 atqui
1237 2111 1372 2172 Castoris
1399 2115 1487 2174 unius
1510 2117 1660 2191 uniusque

325 2213 507 2292 Vespasiani
528 2213 585 2271 bae
608 2212 697 2270 aedes
719 2212 841 2271 nomina
861 2212 1001 2286 habuere,
1023 2213 1093 2272 licet
1109 2211 1244 2272 Castoris
1264 2223 1294 2273 et
1310 2216 1453 2288 Pollucis,
1476 2217 1661 2293 Vespasiani

289 2355 293 2364 ι
326 2321 448 2395 Titique
470 2315 592 2374 numina
611 2315 653 2372 ibi
676 2314 754 2372 culta
769 2332 836 2372 esse
858 2323 991 2374 constet:
1015 2323 1140 2393 apparet
1161 2316 1253 2393 igitur
1267 2317 1420 2378 Pollucem
1437 2339 1497 2378 non
1513 2321 1578 2395 pari
1595 2322 1659 2379 iure

325 2425 356 2482 in
379 2421 452 2478 aede
475 2419 527 2476 illa
549 2417 762 2494 antiquissima
783 2415 905 2477 Castori
927 2418 1031 2490 fuisse,
1054 2418 1156 2476 Titum
1179 2437 1239 2478 non
1261 2421 1326 2496 pari
1349 2420 1548 2498 Vespasiano.
1581 2423 1658 2482 idem

327 2521 517 2584 statuendum
545 2520 581 2577 de
608 2519 759 2578 Faustina
784 2529 814 2578 et
839 2521 1005 2606 Antonino.
1055 2521 1156 2597 itaque
1183 2522 1399 2581 vocabulorum
1428 2525 1658 2584 sollemnitatem

326 2627 411 2687 vides
439 2643 538 2683 rerum
567 2629 693 2680 naturae
719 2623 853 2698 iurisque
880 2623 958 2682 sacri
977 2612 1101 2700 'legibus
1128 2624 1263 2700 apprime
1290 2627 1456 2684 convenire.
1507 2629 1560 2685 sed
1587 2629 1659 2686 haec

329 2730 430 2788 omnia
450 2725 614 2803 praefanda
635 2734 720 2783 erant
742 2726 770 2784 ei
792 2725 972 2802 quaestioni,
1001 2725 1032 2783 in
1061 2744 1121 2801 qua
1149 2727 1294 2786 solvenda
1315 2746 1371 2787 nos
1394 2749 1472 2787 nunc
1494 2749 1658 2803 versamur,

329 2852 406 2910 quae
428 2837 474 2889 est
495 2829 531 2887 de
554 2827 676 2887 Saturni
700 2827 834 2904 Opisque
856 2827 975 2904 templis
1000 2829 1038 2886 ad
1059 2829 1156 2887 forum
1180 2829 1297 2902 sivein
1321 2829 1471 2906 Capitolio
1495 2832 1570 2890 sitis.

411 2931 460 2992 Ne
482 2932 585 3002 multa,
613 2949 651 2990 ex
680 2930 723 2988 eis
752 2949 829 3006 quae
855 2932 1010 3006 hucusque
1036 2931 1189 3008 disputavi
1216 2931 1292 2990 effici
1315 2934 1454 3006 arbitror,
1481 2935 1584 2993 aedem
1609 2933 1659 2994 Sa-

329 3038 410 3096 turni
432 3055 507 3106 eam,
530 3035 615 3092 euius
638 3033 769 3108 porticos
797 3040 865 3092 octo
895 3033 1101 3092 columnarum
1124 3043 1271 3112 superest,
1299 3055 1451 3114 nunquam
1478 3037 1573 3096 fuisse
1600 3037 1659 3096 die'-

329 3152 390 3200 tam
413 3138 490 3215 Opis
519 3146 548 3195 et
575 3133 708 3208 Saturni,
736 3154 887 3212 nunquam
915 3136 1018 3195 aedem
1049 3135 1127 3212 Opis
1155 3138 1186 3194 iu
1209 3135 1369 3213 Capitolio,
1398 3139 1451 3198 sed
1480 3140 1562 3198 omni
1589 3149 1661 3199 tem-

330 3262 403 3320 pore
429 3239 550 3318 proprie
572 3238 682 3296 dictam
709 3254 775 3296 esse
798 3237 921 3297 Saturni
947 3240 988 3296 ad
1006 3241 1107 3315 sorum
1129 3239 1193 3298 sive
1227 3243 1257 3297 in
1272 3242 1352 3315 soro,
1381 3242 1407 3300 si
1429 3243 1548 3318 quidem
1579 3243 1662 3301 nulla

329 3348 436 3404 harum
457 3341 643 3403 locutionum
665 3341 867 3416 discrepantia
889 3353 951 3412 est3
977 3341 1009 3399 in
1038 3361 1074 3399 ea
1095 3351 1193 3400 autem
1221 3343 1294 3401 aede
1320 3343 1414 3403 fuisse
1437 3345 1585 3402 aerarium
1609 3364 1662 3421 po-

330 3448 394 3527 puli
415 3444 559 3515 Romaui;
588 3444 737 3502 diversam
765 3443 803 3500 ab
825 3462 861 3500 ea
888 3461 955 3502 esse
983 3443 1085 3502 aedem
1101 3435 1280 3504 ¹extructam
1308 3456 1377 3504 ante
1399 3465 1426 3504 a.
1450 3447 1510 3506 568
1535 3447 1609 3523 Opis
1633 3452 1663 3505 in

333 3549 486 3627 Capitolio,
513 3548 570 3604 hoc
597 3555 643 3604 est
669 3546 699 3604 in
728 3553 829 3604 monte
851 3543 1038 3622 Capitolin03
1065 3556 1220 3622 praeterea
1246 3553 1409 3607 sacrarium
1435 3548 1506 3624 Opis
1529 3553 1559 3606 in
1582 3553 1664 3626 rapio

330 3654 437 3712 fuisse:
465 3651 537 3708 haec
560 3656 658 3707 autem
682 3657 817 3708 constare
844 3667 901 3706 usu
923 3648 1059 3706 sollemni
1082 3650 1235 3708 nominum
1265 3651 1295 3708 in
1318 3651 1439 3726 optimis
1461 3653 1664 3710 monumentis

330 3755 473 3834 religiose
495 3754 665 3824 observato,
690 3751 817 3826 denique
832 3751 972 3809 ficticium
996 3769 1062 3810 esse
1085 3751 1201 3810 titulum
1219 3750 1490 3812 Gutenstenianum
1515 3773 1574 3830 quo
1598 3755 1664 3812 solo

332 3859 408 3936 Opis
431 3865 461 3915 et
483 3854 604 3916 Saturni
632 3854 715 3913 aedis
743 3873 849 3911 nomen
877 3853 1053 3912 continetur.
1105 3855 1164 3912 iam
1194 3857 1336 3930 quoniam
1366 3854 1470 3915 Cereri
1497 3867 1526 3914 et
1549 3857 1664 3914 Telluri

332 3963 370 4021 ad
393 3941 536 4030 Telluris,
559 3956 624 4018 Soli
646 3966 677 4016 et
697 3955 802 4014 Lunae
825 3956 863 4013 ad
883 3955 988 4015 Lunae
1010 3957 1074 4014 fieri
1098 3957 1220 4016 solitum
1244 3976 1308 4016 esse
1331 3958 1471 4029 vidimus,
1493 3958 1664 4016 Pollucem·

333 4085 390 4142 que
412 4063 444 4120 in
465 4061 567 4120 fratris
590 4060 724 4136 germani
752 4059 825 4118 aede
851 4067 1057 4118 consecratum
1079 4059 1183 4132 fuisse,
1214 4079 1285 4119 sane
1313 4070 1438 4137 apparet
1465 4079 1517 4118 cur
1546 4061 1605 4136 Opi
1626 4063 1667 4120 od

325 4169 425 4242 forum
448 4163 596 4240 Opalibus
618 4163 682 4219 fieri
705 4162 835 4238 potuerit
862 4162 899 4219 ad
922 4159 1052 4220 Saturni.
1097 4163 1207 4237 quodsi
1231 4162 1436 4240 Opiconsiviis
1466 4163 1575 4221 factum
1600 4181 1666 4222 esse

336 4269 394 4343 Opi
416 4271 446 4324 ia
463 4265 604 4342 Capitolio
628 4265 768 4324 scribitur
789 4265 821 4322 in
842 4264 1047 4341 hemerologio
1065 4263 1213 4336 Vallensi,
1236 4267 1342 4343 dieque
1366 4265 1535 4342 insequenti
1556 4265 1666 4342 (Opts)

333 4375 363 4428 ia
386 4373 477 4444 repta,
499 4369 574 4426 haec
597 4385 684 4426 sacra
706 4368 779 4426 nihil
800 4367 950 4442 pertinent
972 4367 1008 4424 ad
1032 4367 1134 4425 aedem
1151 4364 1271 4426 Saturni
1279 4390 1287 4440 ;
1311 4369 1438 4444 pertinet
1460 4367 1535 4425 illud
1557 4369 1596 4425 ad
1618 4387 1665 4425 ae-

331 4473 402 4531 'dem
426 4469 638 4548 Capitolinam.
682 4470 861 4546 relinquitur
889 4487 1006 4527 sacrum
1033 4469 1065 4526 in
1093 4470 1159 4527 solo
1181 4471 1338 4528 Arvalium
1365 4470 1569 4545 hemerologio
1592 4468 1666 4527 Vol-

335 4575 491 4632 canalibus
522 4575 682 4649 ascriptum
710 4572 766 4649 Opi
788 4571 955 4648 opifer(oe).
1001 4573 1048 4629 cui
1078 4589 1163 4630 sacro
1192 4592 1257 4631 cum
1285 4572 1444 4649 praecedat
1471 4571 1547 4629 illud
1575 4571 1667 4646 [aym-

332 4677 414 4753 p]lu's
441 4681 471 4734 in
494 4695 613 4752 campo,
637 4677 839 4750 subsequatur
861 4675 937 4732 illud
956 4673 1104 4750 Qutr(tno)
1126 4679 1155 4732 r'n
1177 4675 1269 4744 colle,
1291 4674 1501 4752 Kliigmannus
1523 4683 1622 4732 autem
1637 4674 1668 4730 in

336 4779 482 4838 addendis
505 4780 650 4838 Actorum
678 4787 798 4836 tuorum
820 4795 849 4852 p.
874 4775 934 4834 234
963 4776 1089 4834 feliciter
1116 4777 1358 4835 animadverterit
1384 4793 1537 4834 sacrorum
1563 4777 1595 4834 in
1617 4777 1668 4835 he·

336 4881 510 4958 merologiis
534 4881 661 4959 singulis
685 4880 790 4939 diebus
814 4879 1012 4956 ascriptarum
1035 4879 1169 4938 ordinem
1191 4879 1321 4957 pendere
1348 4897 1366 4936 a
1388 4878 1519 4938 locorum
1541 4878 1668 4936 nomini-

336 4985 392 5042 bus
414 5003 467 5060 per
488 4984 605 5042 litteras
622 4983 757 5061 digestis,
779 4982 893 5058 liquido
916 4991 1040 5060 apparet
1056 4980 1132 5059 Opis
1153 4982 1286 5060 opiferae
1310 5000 1427 5040 sacrum
1443 4999 1535 5056 posse
1556 4980 1667 5038 factum

338 5105 407 5146 esse
429 5090 459 5144 tn
483 5073 638 5162 Capitolio
659 5085 754 5161 (quod
768 5085 859 5143 fuerit
873 5085 904 5142 in
926 5084 1050 5162 lapide),
1072 5085 1192 5162 plenum
1207 5084 1299 5162 igitur
1315 5082 1502 5159 Capitolinae
1517 5083 1599 5140 aedis
1614 5101 1667 5139 no-

338 5207 404 5246 men
431 5188 525 5247 fuisse
552 5206 641 5265 posse
671 5171 747 5264 Opis
777 5187 919 5265 Opiferae
946 5189 976 5245 iu
1005 5185 1156 5264 Capitolio
1190 5186 1282 5263 idque
1308 5186 1426 5264 egregie
1452 5184 1599 5262 quadrare
1628 5185 1664 5240 ad
