3620 6050
509 677 586 728 unx
611 676 778 728 undamn
805 676 1058 730 vrrascnusrs.
1379 655 1448 729 181

1094 777 1448 788 Μ

210 848 281 908 Oum
303 850 427 909 scauriis
450 857 549 908 autem
573 851 751 927 argentariis
773 851 965 926 neronisque,
988 868 1063 927 quas
1085 870 1113 908 v.
1128 850 1198 910 4617
1223 851 1362 928 supplere
1383 851 1453 909 licet

139 953 327 1030 probabiliter,
360 953 580 1031 coniunguntur
606 962 762 1030 praeterea
787 953 907 1030 pulvis
940 972 984 1012 ex
1011 953 1167 1012 scauriis
1194 959 1224 1011 et
1250 954 1454 1012 rutramina

138 1057 171 1130 (r.
187 1055 246 1131 47).
288 1055 427 1114 Pulveris
454 1055 546 1132 igitur
569 1055 746 1115 vocabulum
768 1073 829 1113 non
851 1075 972 1116 arenam
994 1055 1111 1114 videtur
1133 1054 1312 1133 significare,
1334 1074 1373 1114 ex
1395 1074 1454 1131 qua

137 1176 228 1214 aurum
249 1158 440 1233 potissimum
461 1157 590 1216 lavando
612 1160 724 1217 scimus
747 1167 913 1218 extractum
935 1175 1013 1232 esse,
1041 1159 1093 1216 sed
1120 1177 1187 1216 eum
1213 1157 1376 1235 pulverem,
1403 1157 1453 1233 qui

137 1260 250 1319 scauriis
271 1261 415 1337 testisque
433 1261 538 1320 fractis
558 1260 745 1336 relinquitur.
780 1261 981 1319 Rutramcn
1001 1270 1101 1320 autem
1116 1260 1293 1320 vocabulum
1308 1269 1338 1320 et
1355 1261 1454 1336 ipsum

135 1362 197 1420 alibi
218 1363 347 1421 nondum
369 1370 512 1439 quantum
534 1363 597 1422 scio
619 1363 727 1422 lectum
751 1382 769 1420 a
790 1364 925 1422 rutrandi
947 1365 1038 1424 verbo
1059 1370 1140 1423 recte
1162 1364 1314 1424 derivatur
1336 1361 1416 1421 velut
1438 1381 1456 1418 a

135 1463 222 1521 flando
237 1465 353 1538 flamen,
376 1485 395 1523 a
409 1464 543 1524 vocando
559 1484 701 1523 vocamen
717 1466 836 1542 aliaque
852 1466 963 1524 similia
978 1485 1038 1524 non
1051 1485 1155 1542 pauca.
1191 1466 1342 1524 Rutrandi
1356 1473 1456 1522 autem

137 1567 245 1624 verbum
269 1587 287 1625 a
309 1575 392 1624 rutro
416 1569 537 1625 ductum
554 1568 602 1625 vel
622 1569 647 1626 si
663 1567 759 1626 mavis
775 1569 812 1627 ab
828 1569 931 1628 eadem
946 1569 1052 1626 ruendi
1070 1569 1170 1627 radice
1190 1578 1252 1627 tam
1269 1575 1383 1627 rutrum
1403 1585 1456 1624 no-

135 1688 195 1726 men
217 1689 305 1745 quam
327 1678 443 1728 rutrare
465 1671 597 1728 verbum.
640 1669 768 1730 Rutrum
792 1671 888 1747 ligoni
910 1672 1046 1730 asciaeve
1069 1671 1168 1730 simile
1190 1689 1256 1730 esse
1277 1673 1457 1730 instrumen-

136 1777 191 1828 tum
211 1773 309 1830 lexica
331 1774 451 1844 docent3
475 1773 590 1831 scilicet
611 1772 675 1831 eius
697 1775 817 1848 generis
840 1773 967 1832 malleus
990 1773 1107 1833 videtur
1127 1774 1232 1847 fuisse,
1259 1793 1318 1849 quo
1340 1772 1456 1849 lapides

135 1892 148 1928 e
172 1875 265 1949 puteis
294 1875 405 1952 prolati
433 1874 647 1946 tundebantur,
679 1883 712 1932 ut
743 1875 886 1950 quidquid
917 1877 949 1934 in
975 1877 1019 1935 eis
1051 1877 1163 1935 metalli
1189 1884 1362 1952 superesset
1386 1873 1457 1933 inde

135 1978 325 2053 erueretur1).
370 1975 446 2036 Cum
460 1976 539 2036 infra
553 1997 580 2035 v.
598 1977 637 2035 50
653 1977 793 2053 coniungi
808 1978 975 2050 videantur,
998 1979 1026 2037 si
1040 1979 1131 2038 modo
1146 1988 1226 2038 recte
1241 1977 1457 2056 supplevimus,

134 2079 213 2154 odric
229 2083 375 2157 aryeotioa
389 2077 607 2154 ru]tramioa²)‚
629 2079 769 2156 probavit
790 2081 863 2138 mihi
885 2081 1126 2140 Mommsenus
1148 2101 1183 2139 eo
1199 2081 1346 2140 vocabulo
1368 2081 1457 2138 etiam

135 2185 259 2242 scaurias
281 2183 494 2259 pulveremque
516 2182 702 2257 aliquatenus
724 2183 934 2258 comprehendi
955 2185 1101 2261 potuisse,
1124 2203 1190 2242 oum
1213 2204 1249 2242 ea
1270 2201 1388 2260 quoque
1409 2203 1458 2240 ru-

135 2291 176 2341 tro
196 2293 381 2361 pararentur.
420 2284 544 2343 Praeter
570 2285 789 2343 scaurariorum
810 2285 1060 2362 testatiorumque
1079 2305 1165 2363 opus,
1187 2286 1267 2362 quod
1282 2286 1328 2344 bis
1349 2285 1380 2342 in
1402 2285 1459 2342 hoc

134 2387 222 2462 capite
244 2388 336 2464 quale
359 2386 448 2445 fuerit
469 2387 618 2446 indicatur
641 2386 683 2462 (v.
700 2387 738 2444 47
756 2387 795 2446 48
819 2396 848 2445 et
871 2389 909 2446 53
927 2387 992 2463 54),
1015 2397 1048 2446 ut
1068 2408 1141 2447 mox
1162 2387 1341 2460 videbimus,
1363 2387 1459 2446 altero

134 2489 193 2547 loco
215 2487 283 2549 solo
306 2489 425 2548 additur
446 2489 764 2566 lapicaedinarum
786 2489 909 2548 mentio.
951 2490 1026 2549 Inde
1049 2492 1241 2550 testariorum
1263 2509 1349 2566 opus,
1379 2489 1460 2566 quod

134 2593 162 2650 in
192 2593 301 2669 capitis
335 2593 530 2668 inscriptione
560 2592 671 2650 diserte
701 2593 787 2650 iuxta
811 2594 1031 2651 scaurariorum
1055 2593 1234 2665 nominatur,
1261 2591 1392 2669 proclive
1414 2599 1461 2650 est

134 2695 168 2751 ad
187 2695 367 2772 lapicidinas
389 2695 511 2754 referre.
556 2694 672 2754 Tamen
695 2713 760 2753 cum
783 2716 811 2754 v.
829 2697 868 2755 54
891 2695 1003 2770 lapidea
1026 2697 1137 2755 lausiac
1159 2715 1175 2752 e
1197 2695 1368 2771 lapicidinis
1391 2711 1461 2770 pro-

134 2798 228 2855 venire
250 2798 400 2869 dicantur,
423 2815 482 2855 non
504 2805 609 2868 testae,
632 2797 681 2856 hic
702 2816 821 2874 quoque
835 2798 936 2856 minus
959 2807 1097 2856 accurate
1118 2799 1169 2856 lex
1185 2798 1303 2856 videtur
1318 2803 1462 2873 concepta

134 2917 193 2957 esse
214 2899 458 2977 lapicidinaeque
486 2900 573 2975 quasi
599 2907 686 2958 extra
713 2900 847 2958 ordinem
869 2900 1002 2960 adiectae
1024 2901 1062 2958 ad
1084 2901 1272 2960 metallorum
1296 2917 1380 2978 opus.
1425 2899 1462 2955 In

131 3002 190 3060 iure
217 3021 342 3079 quoque
370 3011 402 3060 ut
428 3001 509 3078 apud
534 3001 666 3077 reliquos
700 3003 860 3077 scriptores
893 3002 1072 3080 lapicidinas
1103 3004 1180 3063 inter
1207 3003 1328 3062 metalla
1359 3001 1462 3060 referri

134 3104 372 3164 Mommsenus
389 3123 427 3162 ex
439 3103 760 3163 codiceTheodosiano
769 3103 879 3175 X19,8
894 3105 1045 3164 indicavit.
1070 3103 1154 3178 Quae
1165 3107 1251 3164 iuxta
1264 3105 1379 3180 lapides
1390 3104 1461 3162 item

133 3207 257 3282 primum
273 3209 307 3266 in
325 3208 382 3265 hac
400 3208 466 3282 lege
488 3207 681 3266 nominantur
706 3207 864 3280 lausiae‚
893 3225 944 3267 aas
965 3215 1090 3285 apparet
1109 3217 1174 3266 arto
1194 3209 1323 3285 quodam
1343 3205 1462 3265 rinculo

133 3309 245 3369 iunctas
262 3311 360 3370 fuisse
375 3327 441 3368 cum
457 3308 617 3384 lapidibus.
660 3309 795 3367 Pronum
810 3309 931 3386 quidem
946 3317 992 3369 est
1007 3310 1043 3368 de
1057 3309 1177 3369 lavandi
1192 3311 1349 3370 lavendire
1362 3309 1463 3368 radice

134 3414 271 3488 cogitare,
296 3431 388 3488 aqua
408 3411 523 3470 lausiac
543 3420 705 3488 potuerunt
726 3412 854 3471 derivari
877 3413 1015 3472 similiter
1029 3422 1063 3470 ut
1076 3413 1114 3472 ab
1135 3413 1286 3472 induendo
1301 3412 1463 3472 indusium.

135 3512 192 3575 Sed
211 3514 345 3574 lavando
366 3533 470 3572 aurum
485 3533 524 3572 ex
539 3513 696 3572 fluviorum
712 3533 802 3574 arena
816 3524 982 3574 extractum
995 3533 1063 3574 esse
1077 3517 1236 3587 novimus;
1259 3514 1365 3574 deinde
1376 3515 1465 3572 etiam

132 3619 286 3692 pulverem
302 3637 341 3676 ex
356 3616 481 3675 scauriis
496 3616 590 3674 lavari
606 3616 726 3674 solitum
740 3635 806 3680 esse
821 3625 1053 3678 consentaneum
1070 3626 1124 3676 est.
1155 3616 1236 3691 Quid
1250 3618 1281 3675 in
1295 3615 1465 3694 lapicidinis

132 3719 225 3779 lavari
247 3720 383 3798 potuerit
405 3719 526 3778 difficile
548 3721 731 3795 assequaris.
776 3717 970 3797 Comparavit
991 3719 1238 3780 Buechelerus
1260 3719 1376 3778 lausias
1398 3737 1465 3776 cum

132 3821 288 3882 lautumiis
315 3830 345 3880 et
372 3841 438 3880 cum
462 3821 655 3881 Doriensium
684 3839 756 3879 voce
778 3812 845 3883 λεύς
865 3840 921 3898 pro
943 3823 999 3904 λοῖς
1025 3831 1169 3898 putatque
1198 3841 1237 3880 ex
1259 3822 1355 3880 loutic'c
1382 3829 1465 3879 ortas

133 3942 199 3984 esse
225 3933 260 3984 ut
282 3928 399 3982 noxium
421 3943 437 3982 e
458 3927 561 3982 coctio.
605 3923 721 3982 Tamen
743 3923 897 3983 lautumiae
918 3924 1097 3982 vocabulum
1121 3922 1340 3982 Graecanicum
1361 3931 1467 3982 estex

135 4024 251 4088 Graeco
276 4017 415 4096 λαοτομῖοι
437 4027 500 4086 sive
519 4016 641 4095 λατομῖοο
663 4032 715 4084 aut
736 4030 882 4093 λοιτομεῖον
903 4027 1048 4086 inflexum
1070 4035 1103 4084 ut
1125 4046 1163 4084 ex
1184 4018 1335 4084 Λαοδίκεια
1352 4023 1466 4082 Laudi-

135 4147 183 4187 cea
197 4139 228 4188 et
248 4125 404 4204 similia³).
448 4128 542 4188 Extat
567 4129 598 4186 in
619 4128 724 4206 lingua
738 4127 907 4204 Hispanica
920 4130 1100 4190 vocabulum
1123 4129 1194 4203 loco,
1217 4129 1249 4187 in
1263 4127 1468 4204 Portugallica

136 4232 217 4290 zoara
245 4233 312 4292 sive
335 4233 417 4290 tonza
444 4231 618 4310 significans
644 4231 776 4290 tabulam
798 4231 962 4309 lapideam3
990 4234 1047 4292 hoc
1074 4232 1194 4292 saeculo
1222 4230 1467 4308 quartodecimo

135 4456 342 4466 -—--—-

211 4627 236 4688 ι)
277 4627 367 4678 Minus
386 4627 563 4692 probabiliter,
586 4629 637 4678 nisi
655 4627 741 4690 fallor,
761 4627 1130 4680 Buechsensehuetzius
1149 4645 1207 4680 cum
1226 4627 1410 4680 rutraminibus
1429 4639 1469 4676 re·

134 4719 251 4769 trimenti
271 4720 426 4770 vocabulum
446 4735 599 4786 componere
619 4721 708 4782 voluit,
736 4722 812 4786 quod,
839 4729 867 4771 ut
885 4723 971 4772 lexiea
989 4723 1090 4783 docent,
1117 4724 1193 4772 etiam
1216 4723 1248 4771 de
1267 4721 1378 4770 metallis
1397 4734 1470 4768 usur·

134 4811 261 4876 pabatur3
288 4819 317 4861 ut
337 4813 427 4862 Celsus
445 4815 543 4878 plumbi
563 4813 740 4863 retrimentum
760 4813 866 4864 Graecis
887 4809 994 4882 σκωρίοιν
1015 4801 1145 4882 μολύβδου
1166 4829 1221 4864 esse
1240 4815 1345 4863 diceret.
1384 4812 1470 4876 Signi-

133 4900 221 4954 ficatio
244 4905 402 4965 estsimilis,
424 4905 497 4970 origo
517 4911 604 4971 aperte
625 4907 736 4968 diversa,
757 4921 813 4956 cum
833 4907 969 4956 reterendo
988 4907 1097 4958 fortasse
1117 4907 1257 4957 cohaerens
1276 4913 1305 4956 ut
1324 4921 1381 4956 cum
1401 4905 1470 4954 dete-

134 4998 218 5046 rendo
239 4999 432 5048 detrimentum.

213 5086 240 5152 2)
281 5089 359 5150 Quod
378 5091 589 5142 Soromenius
604 5090 774 5156 supplendum
787 5092 921 5154 proposuit
935 5089 991 5154 ae[s
1001 5091 1158 5158 pulveremoc
1170 5091 1213 5142 vel
1222 5091 1376 5156 ru]tramioa
1395 5105 1472 5158 prop·

135 5186 206 5230 terea
225 5182 365 5246 probabile
384 5197 436 5232 non
457 5189 503 5245 est,
528 5185 588 5248 quia
607 5199 651 5234 aes
669 5199 722 5233 non
740 5189 870 5248 purgatur,
891 5183 937 5233 sed
955 5184 1043 5249 prodit
1062 5199 1095 5234 ex
1113 5185 1275 5250 purgatione.

212 5271 242 5338 ³)
281 5275 314 5325 Id
334 5275 404 5338 quod
422 5275 593 5326 Usenerus
612 5277 674 5326 olim
693 5276 768 5341 plene
787 5278 906 5340 exposuit
924 5278 952 5326 in
971 5290 1031 5326 ann.
1051 5275 1142 5341 philol.
1162 5293 1185 5330 a.
1208 5277 1278 5330 1865
1298 5295 1323 5343 p.
1340 5280 1391 5329 227
1403 5293 1436 5328 sa.

1212 5473 1316 5533 1³·
