3620 6050
310 1521 393 1632 llll
421 1517 766 1634 SODALIBVS
793 1519 873 1632 Ill
899 1517 1288 1634 FLAMINIBVS

411 1721 416 1728 ·
561 1686 1049 1802 AVGVSTALIBVS.

726 1923 879 1932 —a--—---

509 2154 546 2248 Ι.
604 2153 691 2246 DE
721 2151 1096 2250 SODALIBVS.

134 2273 309 2442 Oollegia
331 2365 529 2424 sacerdotalia
556 2364 587 2422 in
605 2351 757 2423 ¹honorem
781 2364 918 2422 divorum
941 2365 1155 2442 imperatorum
1176 2365 1379 2424 constituendi
1399 2382 1466 2422 mos

130 2467 248 2526 initium
280 2468 358 2546 cepit
386 2488 405 2526 a
434 2465 575 2526 Caesaris
606 2467 738 2544 Augusti
771 2477 866 2525 morte
898 2474 929 2526 et
956 2467 1195 2539 consecratione3
1228 2487 1298 2526 nam
1327 2467 1466 2528 dictatori

133 2566 260 2629 Caesari
289 2571 340 2646 qui
366 2570 479 2650 primus
507 2579 577 2648 post
597 2570 761 2629 Romulum
785 2589 824 2628 ex
852 2570 1003 2628 hominum
1026 2589 1133 2647 genere
1154 2571 1232 2629 inter
1254 2570 1340 2629 divos
1363 2570 1467 2647 populi

131 2671 262 2730 Romani
284 2673 396 2732 relatus
419 2681 466 2731 est
480 2673 640 2748 collegium
664 2672 852 2732 sacerdotum
874 2682 999 2731 nonest
1019 2673 1230 2744 constitutum3
1253 2691 1332 2732 anno
1347 2673 1466 2731 demum

131 2793 159 2849 p.
175 2772 210 2834 C.
229 2775 271 2833 14
293 2775 325 2831 in
347 2775 408 2836 divi
423 2775 553 2852 Augusti
576 2777 720 2834 honorem
741 2775 855 2834 sodales
873 2775 1049 2851 Augustales
1072 2784 1141 2834 sunt
1163 2775 1326 2834 constituti.
1372 2773 1465 2836 Soda-

131 2876 173 2934 les
196 2877 300 2936 Titios
324 2897 390 2935 eum
412 2882 463 2954 qui
486 2878 671 2954 Augustales
695 2877 850 2936 constituit
871 2885 901 2935 et
923 2877 1125 2936 ordinavit-
1142 2877 1205 2936 sive
1225 2877 1366 2936 Tiberius
1388 2875 1464 2936 Cae·

132 2995 179 3038 sar
204 2981 231 3038 is
264 2980 322 3038 fuit
351 2980 414 3038 sive
441 2981 507 3056 ipse
533 2980 621 3038 dirus
649 2981 805 3056 Augustus
834 2981 908 3039 haec
936 2981 980 3038 ita
1005 2979 1071 3039 fieri
1097 2980 1332 3038 voluit—ante
1360 2980 1465 3038 oculos

130 3081 273 3142 habuisse
300 3091 330 3140 et
359 3082 395 3140 ad
423 3081 573 3141 Titiorum
607 3083 831 3142 similitudinem
859 3083 1043 3160 Augustales
1074 3100 1142 3142 esse
1168 3083 1347 3142 constitutos
1375 3091 1404 3140 et
1430 3102 1466 3140 ex

130 3185 195 3260 ipso
224 3186 371 3244 sodalium
392 3186 607 3262 Augustalium
634 3187 754 3244 nomine
782 3195 907 3262 apparet
933 3195 963 3244 et
984 3186 1095 3244 diserte
1121 3205 1140 3244 a
1162 3185 1302 3261 Tacito1)
1325 3183 1465 3256 traditum

131 3295 161 3344 ut
181 3288 263 3346 enim
286 3286 405 3350 sodales
428 3287 527 3346 Titios
551 3289 615 3346 sive
634 3288 670 3346 Τ.
688 3287 796 3346 Tatius
819 3308 874 3346 rex
897 3287 960 3348 sive
982 3295 1052 3364 post
1075 3286 1156 3346 Tatii
1177 3295 1303 3346 mortem
1318 3287 1466 3346 Romulus

131 3387 209 3462 (nam
233 3390 347 3450 dehac
368 3409 400 3448 re
416 3389 588 3467 discrepant
609 3392 686 3449 inter
708 3409 741 3449 se
764 3391 822 3448 duo
845 3390 945 3449 Taciti
967 3387 1187 3466 testimonia)²)
1208 3391 1362 3450 tenuandis
1380 3390 1466 3450 sast-

132 3496 355 3565 commeastis,
385 3503 418 3549 ut
443 3493 518 3568 ipsis
543 3492 641 3551 Taciti
668 3493 767 3552 verbis
794 3502 871 3565 utar,
898 3492 1038 3566 instituit,
1064 3492 1108 3550 ita
1136 3492 1256 3552 sodales
1278 3493 1465 3569 Augustales

132 3612 189 3653 non
209 3595 312 3672 ipsum
334 3593 436 3653 divum
451 3595 622 3672 Augustum
645 3596 744 3654 colere
767 3596 849 3670 (huic
871 3596 948 3654 enim
971 3596 1015 3652 rei
1037 3595 1190 3671 proprium
1215 3595 1400 3654 sacerdotem
1415 3595 1465 3654 de-

132 3696 274 3756 stinatum
297 3697 393 3756 fuisse
415 3697 494 3754 infra
515 3697 705 3774 videbimus),
729 3697 779 3756 sed
804 3715 890 3756 sacra
911 3698 1009 3772 gentis
1031 3697 1128 3756 Iuliae
1149 3707 1219 3774 post
1233 3698 1364 3775 Augusti
1384 3717 1464 3756 mor·

131 3805 185 3856 tem
214 3799 334 3876 publice
364 3808 516 3876 suscepta·
532 3817 637 3858 curare
665 3800 741 3858 iussi
770 3807 847 3858 sunt.
893 3799 996 3858 Testis
1028 3809 1075 3858 est
1102 3800 1138 3857 de
1164 3801 1220 3858 hac
1245 3819 1278 3858 re
1304 3799 1463 3876 Tacitusl)

128 3905 281 3978 proprium
297 3904 355 3961 eius
372 3899 496 3978 (Iuliae)
516 3903 614 3961 domus
629 3903 820 3961 sacerdotium
841 3901 961 3960 sodales
977 3901 1158 3980 Augustales
1182 3901 1348 3978 appellans,
1370 3909 1463 3959 testes

132 4011 197 4061 sunt
217 4003 290 4063 fasti
312 4005 524 4080 magistrorum
547 4005 695 4064 sodalium
710 4002 954 4080 Augustalium4)
972 4003 1108 4074 Bovillis,
1130 4003 1182 4062 ubi
1204 4003 1369 4080 antiquitus
1392 4021 1463 4080 gen·

132 4105 195 4164 tiles
219 4106 291 4165 Iulii
314 4124 400 4166 sacra
421 4107 611 4184 faciebant⁵)‚
633 4107 754 4183 reperti.

132 4271 332 4283 *—

203 4382 227 4446 ¹)
268 4385 339 4436 Ann.
355 4389 378 4448 1,
395 4387 442 4438 54:
468 4385 533 4438 idem
552 4404 633 4438 cauus
653 4387 687 4453 (p.
709 4389 738 4439 O.
761 4388 805 4452 14)
825 4404 905 4440 uocas
925 4389 1093 4440 caerimonias
1112 4390 1210 4457 accepit
1229 4388 1317 4440 addito
1338 4387 1462 4440 sodalium

135 4473 309 4542 Augustalium
327 4477 479 4541 sacerdotio,
508 4487 537 4530 ut
556 4479 680 4546 quondam
703 4479 732 4530 T.
757 4479 847 4531 Tatius
864 4481 1003 4532 retinendis
1022 4479 1173 4532 Sabinorum
1193 4483 1275 4533 sacris
1293 4481 1395 4532 sodales
1418 4479 1442 4529 T
1440 4481 1460 4529 i-

134 4568 178 4618 tu'os
194 4570 346 4620 irretituerut.
384 4572 451 4622 Hist.
467 4574 491 4634 2,
507 4571 555 4623 952
580 4572 776 4639 Augustales..
793 4611 820 4636 .‚
842 4573 909 4641 quod
927 4574 1094 4625 sacerdotium
1112 4581 1140 4624 ut
1158 4574 1279 4625 Romulus
1301 4572 1376 4624 Tatio
1395 4573 1458 4637 regi,

132 4659 167 4709 u'tu
188 4659 283 4712 Caesar
301 4661 417 4714 Tiberius
430 4662 514 4715 Iuliae
526 4667 596 4732 genti
608 4669 729 4717 sacrauit.
770 4667 893 4728 Quamvis
914 4675 1033 4733 cormpta
1052 4669 1103 4718 sint
1123 4668 1201 4720 verba
1219 4681 1302 4732 neque
1322 4667 1354 4715 de
1373 4680 1460 4714 emen-

134 4751 232 4804 datione
252 4761 359 4819 constet,
385 4764 471 4808 tamen
496 4774 548 4808 non
574 4759 716 4824 adstipuler
734 4760 902 4824 Nipperdeyo
928 4761 1052 4810 additicia
1078 4775 1109 4810 ea
1129 4774 1184 4809 esse
1208 4765 1284 4824 atque
1304 4773 1318 4807 e
1337 4764 1460 4808 contextu

132 4846 257 4911 scriptoris
270 4850 428 4900 removenda
442 4851 569 4914 censenti3
589 4866 649 4901 nam
663 4867 717 4901 non
730 4866 761 4901 ea
774 4857 812 4900 est
825 4852 953 4901 sententia
966 4867 1031 4918 quae
1045 4853 1076 4902 ab
1091 4851 1275 4916 interpolatore
1288 4851 1405 4915 profecta
1417 4851 1459 4900 sit.

202 4937 226 5002 2)
266 4940 339 5002 Quae
364 4937 613 5007 discrepantia'non
638 4945 720 5008 magis
744 4944 810 4992 mira
836 4949 874 4992 est
899 4959 975 5010 quam
1001 4945 1069 5010 quod
1089 4957 1213 5007 augurum
1235 4943 1361 4993 institutio
1380 4944 1467 4993 modo»

132 5027 238 5084 Romulo
256 5034 337 5084 modo
356 5035 458 5086 Numse
477 5035 605 5088 tribuitur.

203 5121 227 5186 3)
265 5126 337 5176 Anu.
350 5128 375 5189 3,
391 5127 435 5178 64.

203 5214 227 5278 4)
267 5217 296 5268 O.
310 5219 332 5268 I.
345 5220 374 5270 L.
389 5219 436 5282 VI,
453 5219 532 5272 1987.

204 5306 227 5370 ⁵)
266 5309 296 5360 G.
309 5313 332 5362 Ι.
345 5313 375 5363 L.
390 5313 413 5375 Ι,
429 5312 490 5364 807.
530 5313 570 5366 cf.
586 5314 648 5365 Tac.
664 5329 723 5364 ann.
739 5315 763 5376 2,
779 5314 822 5364 41.
844 5314 887 5376 15,
904 5315 947 5365 23.
