3620 6050
433 571 597 626 smnocn
624 570 914 625 ruscemrrouvrr
939 571 1024 624 soar
1049 571 1206 623 11111111.
1300 595 1303 607 -
1407 553 1480 625 259

147 747 318 806 Domitiani
341 754 473 824 tempore
494 765 555 805 non
577 763 644 804 esse
666 746 786 806 iactam.
830 765 906 822 quae
928 765 993 804 cum
1021 746 1064 804 ita
1086 746 1156 817 sint,
1179 745 1246 821 quis
1268 747 1423 823 negaverit
1444 767 1482 806 ne

148 850 236 908 basin
259 849 378 926 quidem
400 851 476 908 hanc
499 867 567 908 esse
589 849 738 926 equestris
760 855 878 908 statuae
900 848 1077 919 Domitiani,
1103 865 1196 925 posse
1218 865 1286 906 esse
1308 850 1377 926 equi
1400 847 1481 908 Con·

149 950 294 1010 stantini?
319 952 370 1011 sed
393 961 505 1011 certum
528 952 672 1010 iudicium
693 959 755 1009 tum
776 951 893 1009 demum
914 951 987 1010 ferri
1008 950 1118 1026 poterit
1140 969 1207 1008 cum
1227 951 1309 1009 latus
1331 951 1388 1009 fori
1412 971 1480 1029 sep·

149 1055 331 1113 tentrionale
352 1055 517 1114 redivivum
539 1055 650 1112 factum
673 1054 721 1112 sit.
766 1071 840 1130 quas
863 1062 963 1112 autem
985 1060 1100 1112 statuas
1122 1061 1182 1111 tres
1205 1051 1273 1110 illae
1295 1053 1384 1111 bases
1407 1055 1479 1113 vici·

146 1175 203 1215 nae
227 1157 442 1215 substructioni
457 1165 622 1216 rostrorum
638 1155 708 1214 olim
725 1155 918 1215 sustinuerint
938 1155 1042 1214 dubito
1062 1175 1101 1213 an
1122 1173 1263 1232 umquam
1285 1157 1385 1230 possit
1399 1164 1481 1215 certa

146 1260 264 1317 ratione
287 1260 374 1332 effici,
398 1277 577 1336 quamquam
600 1258 795 1334 probabiliter
809 1259 941 1318 conicias
961 1257 1051 1316 bases
1067 1258 1103 1317 ab
1123 1258 1304 1316 sustinuisse
1327 1267 1480 1335 equestres

148 1369 276 1433 statuas,
300 1382 360 1420 non
382 1361 562 1420 sustinuisse
589 1363 675 1420 basin
698 1381 726 1420 c:
756 1360 863 1435 quodsi
886 1361 954 1436 quis
976 1360 1024 1419 his
1047 1361 1137 1419 rebus
1158 1361 1344 1436 pensitandis
1365 1361 1480 1420 Romae

145 1464 274 1522 multum
297 1465 440 1541 temporis
462 1464 647 1540 impenderit,
670 1463 797 1521 forsitan
819 1463 896 1520 inter
918 1462 1021 1521 titulos
1037 1463 1093 1520 hac
1114 1463 1234 1540 sylloge
1253 1464 1405 1522 conlectos
1428 1463 1477 1522 de·

147 1567 340 1640 prehenderit
368 1585 495 1642 quorum
524 1584 683 1624 mensurae
718 1565 869 1624 mensuris
903 1565 1095 1640 superstitum
1132 1565 1307 1624 nucleorum
1343 1567 1478 1644 apprime

148 1670 337 1726 conveniant.
381 1669 412 1726 id
434 1668 513 1744 quod
535 1669 624 1726 etiam
646 1668 683 1725 de
705 1669 748 1726 eis
771 1667 894 1726 basibus
917 1667 1073 1726 dicendum
1097 1687 1222 1744 quarum
1245 1686 1323 1727 nunc
1344 1668 1480 1729 facienda

143 1772 257 1830 mentio
280 1779 333 1829 est

228 1873 345 1930 Extant
365 1873 456 1950 igitur
477 1873 567 1932 bases
588 1873 726 1949 ingentes
748 1874 912 1948 quadratae
934 1881 1002 1930 octo
1029 1873 1183 1948 (nimirum
1205 1874 1303 1950 prima
1324 1892 1343 1930 a
1364 1875 1477 1949 templo

144 1975 206 2033 divi
240 1975 310 2032 Iulii
337 1977 504 2034 numeranti
530 1975 629 2033 medio
666 1993 740 2034 aevo
767 1994 805 2033 ex
831 1985 916 2050 parte
943 1993 1089 2034 conversa
1113 1975 1145 2033 in
1175 1975 1344 2034 aedificium
1376 1977 1478 2034 neseio

144 2079 226 2153 quod
252 2077 289 2134 de
317 2097 376 2153 quo
403 2096 494 2155 supra
520 2077 665 2152 diximus)
692 2095 768 2153 quas
796 2082 874 2136 inter
895 2095 927 2136 se
949 2079 1053 2152 aequis
1076 2077 1181 2152 spatiis
1203 2078 1475 2164 111.6,941(1111111

141 2181 295 2255 lateraque
333 2180 424 2258 longa
462 2181 532 2257 plus
573 2180 670 2238 minus
710 2199 748 2238 m.
771 2181 801 2251 4,
821 2181 860 2238 45
902 2180 1018 2238 11111111Ι
1050 2179 1193 2238 adnotavi
1229 2182 1294 2258 ipse
1320 2181 1473 2250 dimensus

144 2302 172 2340 a.
196 2280 293 2341 1872:
317 2282 395 2340 altas
417 2299 482 2340 esse
505 2282 621 2340 circiter
642 2302 680 2340 rn.
697 2283 726 2354 4,
738 2281 778 2340 00
800 2283 899 2358 imago
921 2281 1128 2358 photographa
1142 2283 1268 2341 maximi
1286 2283 1400 2342 moduli
1421 2284 1474 2342 do-

145 2395 197 2443 cet.
243 2384 468 2443 accuratissime
496 2385 532 2442 de
558 2385 686 2460 septima
713 2393 742 2442 et
769 2393 876 2443 octava
905 2401 971 2442 cum
998 2385 1125 2460 primum
1147 2383 1280 2444 detectae
1303 2395 1373 2446 sunt
1394 2406 1472 2445 anno

145 2487 223 2545 1818
241 2486 408 2562 disputavit
423 2486 487 2545 Fea
502 2486 642 2562 (Varietia
662 2507 691 2563 p.
710 2488 745 2545 11
761 2487 826 2562 ss).
864 2505 900 2544 ac
915 2486 1045 2563 primum
1061 2485 1180 2562 quidem
1196 2488 1232 2546 de
1252 2490 1350 2564 prima
1364 2508 1472 2548 versus

142 2589 324 2666 Capitolium
347 2589 404 2647 hoc
426 2597 553 2648 testatus
577 2598 634 2648 est:
658 2609 677 2646 u
700 2590 793 2665 quello
816 2588 1012 2665 (pisdistollo)
1033 2607 1114 2647 uerso
1136 2589 1160 2646 il
1177 2589 1375 2666 Oumpidopit'o
1392 2593 1471 2650 dallo

135 2701 222 2768 parte
244 2695 460 2750 intereavero
483 2692 506 2748 il
522 2693 689 2766 piedtstallo
711 2711 866 2769 compagae
888 2695 915 2750 ai
936 2710 1005 2750 sono
1026 2692 1121 2750 vadati
1141 2692 1189 2750 ael
1205 2696 1297 2768 piaco
1323 2698 1471 2769 superiore

140 2797 195 2853 dua
217 2794 288 2852 belli
309 2797 403 2852 totessr'
423 2794 501 2852 uella
513 2795 676 2869 prauderza
698 2813 712 2851 a
733 2795 805 2853 uelle
824 2795 944 2871 partlm
966 2813 1012 2851 mu
1034 2795 1173 2868 differenti
1193 2795 1272 2853 aella
1286 2796 1426 2854 direzioue
1441 2799 1473 2854 di

138 2917 198 2955 aaa
219 2914 297 2972 rapa
318 2897 365 2955 ael
388 2904 481 2954 cantro
504 2916 517 2954 e
539 2899 570 2954 di
590 2917 649 2955 uua
666 2901 721 2972 piu
738 2899 855 2973 piacola
877 2899 950 2972 dopo
970 2911 1063 2968 nort„
1086 2900 1160 2956 cosi:
1185 2912 1380 2957 orssaroou.
1418 2899 1469 2958 ad·

138 2999 214 3058 didit
236 2998 358 3057 easdem
379 2999 495 3057 litteras
523 3017 554 3057 se
581 3001 731 3058 invenisse
753 3000 785 3058 in
807 3000 951 3058 lateribus
978 3000 1105 3057 aliorum
1128 2999 1340 3072 aedificiorum,
1366 3001 1472 3076 templi

138 3101 268 3160 Veneris
290 3108 319 3158 et
333 3101 457 3171 Romae,
480 3103 684 3160 arcuationum
707 3103 850 3160 basilicae
866 3100 1133 3160 Constantinianae
1149 3101 1252 3177 (quam
1273 3101 1350 3161 falso
1366 3112 1471 3161 eontra

136 3204 294 3281 Nibbyum
322 3222 378 3280 pro
405 3205 517 3280 templo
540 3204 630 3262 Pacis
660 3203 837 3279 venditavit)
846 3225 854 3275 3
881 3204 994 3262 omissa
1019 3223 1094 3280 rapa
1120 3205 1241 3263 easdem
1266 3208 1297 3262 in
1325 3205 1469 3264 lateribus

136 3309 321 3366 thermarum
343 3305 597 3365 Diocletianarum
619 3303 1109 3384 111111111111111111521317,
1131 3307 1203 3366 item
1224 3325 1278 3384 pro
1302 3315 1388 3366 sexto
1410 3309 1469 3366 ele·

136 3419 239 3468 mento
263 3409 343 3484 quod
366 3417 412 3466 est
433 3425 449 3465 r
472 3409 671 3467 substitutor
694 3427 727 3468 se
749 3410 847 3485 ipsum
872 3409 901 3466 in
924 3409 1071 3467 lateribus
1094 3409 1165 3466 circi
1187 3409 1361 3468 Romuliani
1383 3419 1469 3468 extra

135 3521 255 3587 portam
278 3511 408 3586 Appiam
431 3509 531 3586 (quem
555 3509 728 3570 Caracallae
750 3511 828 3570 falso
851 3513 970 3569 nomine
992 3511 1082 3569 dixit:
1105 3530 1133 3568 v.
1156 3511 1237 3570 Feae
1260 3521 1290 3570 et
1310 3512 1470 3572 Bianconii

135 3633 213 3691 opus
234 3613 256 3670 f.
283 3611 373 3688 189);
402 3613 529 3687 denique
555 3632 616 3671 non
643 3622 780 3672 constare
812 3613 890 3671 unde
917 3613 1041 3670 eandem
1068 3613 1293 3688 inscriptionem
1320 3615 1467 3674 Marinius

136 3717 221 3792 (Vat.
246 3734 274 3772 n.
294 3715 387 3790 1191)
410 3725 440 3773 et
460 3715 627 3774 Boldettius
649 3713 734 3789 (Oss.
751 3715 797 3772 sui
821 3734 893 3772 cem.
916 3735 944 3790 p.
963 3713 1037 3789 528)
1061 3716 1252 3789 sumpserint.
1297 3717 1374 3774 addo
1397 3737 1466 3775 ean·

136 3820 202 3876 dem
226 3817 306 3892 (sine
327 3816 414 3892 rapa)
437 3836 530 3892 nuper
550 3827 697 3894 repertam
721 3835 789 3875 esse
810 3818 841 3875 in
863 3817 987 3874 basilica
1008 3816 1088 3874 Iulia
1110 3825 1185 3874 teste
1206 3814 1370 3876 Lancianio
1384 3817 1465 3879 Ball.

137 3919 205 3978 dell'
230 3921 299 3978 inst.
320 3919 409 3990 1871,
425 3917 484 3978 246
508 3921 670 3995 eodemque
693 3928 768 3977 teste
790 3919 821 3976 in
843 3918 986 3977 aedificiis
1010 3918 1122 3975 saeculi
1143 3919 1222 3976 tertii
1244 3919 1276 3976 in
1294 3929 1395 3978 monte
1410 3921 1466 3980 Es·

135 4023 251 4098 quilino
267 4021 346 4079 Bull.
363 4041 443 4079 mun.
462 4023 488 4092 1,
500 4021 548 4080 68.
566 4022 594 4092 3,
608 4021 655 4080 81.
679 4023 737 4080 iam
753 4030 870 4080 constat
883 4021 919 4078 de
934 4021 1137 4078 aedificiorum
1153 4039 1229 4096 quae
1244 4022 1464 4082 nominavimus

134 4125 252 4201 origine
267 4133 356 4200 atque
370 4124 456 4182 fatis:
473 4132 590 4182 constat
605 4125 779 4182 certissimis
794 4124 974 4182 testimoniis
991 4121 1042 4198 (de
1058 4122 1167 4198 quihus
1182 4122 1294 4181 videsis
1306 4123 1383 4198 Top.
1393 4124 1464 4200 2,7)

136 4227 293 4285 aedificata
313 4243 381 4284 esse
395 4226 503 4283 circum
519 4233 549 4284 et
569 4227 725 4285 basilicam
748 4247 766 4284 a
781 4227 946 4297 Maxentio,
968 4225 1105 4284 dedicata
1126 4222 1357 4284 aGonstantino
1379 4226 1464 4284 illum

137 4348 162 4386 a.
188 4328 248 4387 309
270 4329 348 4386 hanc
370 4347 449 4386 anno
469 4327 593 4399 incerto,
615 4329 686 4386 item
708 4329 812 4387 eodem
835 4329 999 4406 imperante
1021 4328 1163 4404 templum
1185 4327 1299 4386 Romae
1321 4337 1351 4384 et
1365 4327 1464 4386 Vene-

134 4432 176 4488 ris
197 4431 343 4489 refectum
365 4448 434 4489 csse
463 4439 532 4507 post
558 4431 742 4502 incendium,
768 4431 934 4508 imperante
957 4431 1147 4489 Diocletiano
1174 4430 1270 4488 factas
1297 4447 1363 4488 esse
1385 4432 1463 4489 ther-

135 4551 199 4591 mas
220 4533 352 4591 nominis
375 4533 454 4605 eius,
484 4533 624 4592 refectam
647 4551 715 4592 esse
736 4534 892 4592 basilicam
919 4534 1026 4592 Iuliam
1054 4532 1096 4607 (v.
1120 4541 1188 4591 acta
1208 4533 1315 4590 horum
1336 4532 1464 4608 impera-

134 4646 231 4694 torum
254 4635 421 4710 composita
443 4636 482 4692 ib.
505 4655 534 4711 p.
552 4637 587 4693 31
604 4635 653 4710 s).
697 4653 789 4710 quare
815 4655 882 4694 cum
904 4644 992 4694 extra
1017 4639 1249 4693 controversiam
1271 4635 1401 4710 positum
1425 4635 1464 4692 sit

135 4737 325 4796 Diocletiano
355 4735 613 4812 Constantinoque
644 4737 859 4812 imperantibus
892 4737 1080 4796 aedificatum
1108 4754 1176 4795 esse
1209 4737 1318 4812 tegulis
1352 4737 1461 4811 quibus

133 4849 221 4898 notae
243 4855 430 4898 0115111101
451 4841 615 4917 impressae
637 4849 714 4909 sunt,
742 4839 835 4896 eidem
859 4840 986 4915 tempori
1013 4839 1166 4898 latericias
1189 4839 1276 4896 bases
1299 4838 1462 4897 attribuen-

134 4944 188 5002 dae
210 4952 291 5014 sunt‚
312 4943 344 4998 in
366 4943 474 5017 quibus
496 4949 667 5019 comparent
694 4940 813 4998 eaedem
837 4951 934 4999 notae.
978 4961 1055 5017 quae
1081 4941 1270 4999 ratiocinatio
1292 4941 1377 4999 nulla
1399 4963 1461 5000 urn-

133 5065 222 5122 quam
250 5052 388 5102 notarum
420 5045 517 5102 adhue
543 5045 699 5103 dubiarum
733 5043 978 5120 interpretatione
1000 5043 1122 5118 infringi
1143 5043 1263 5120 poterit.
1307 5061 1343 5101 ac
1364 5043 1462 5118 prima

132 5149 251 5224 quidem
281 5145 411 5222 quinque
437 5147 584 5204 elementa
609 5149 662 5206 vix
689 5146 810 5204 dubium
838 5153 884 5204 est
910 5145 984 5221 quin
1009 5145 1178 5221 significent
1200 5143 1348 5222 afflictae)
1371 5145 1462 5222 s(um·

131 5250 254 5326 murum)
283 5247 450 5325 r(ctioucra)
467 5281 504 5290 -
523 5267 583 5326 qua
609 5251 645 5308 de
672 5268 703 5308 re
730 5269 757 5308 v.
779 5249 842 5308 Fca
863 5249 883 5306 l.
906 5267 930 5308 c.
948 5269 1002 5320 -;
1026 5247 1080 5308 sed
1106 5265 1184 5325 quae
1215 5256 1382 5324 sequuntur
1410 5249 1462 5307 alii
