3596 6040
321 492 390 564 172
905 505 1053 564 unauna

318 689 355 746 ad
378 689 455 746 hanc
476 687 574 764 ipsam
595 686 692 764 legem
715 686 845 764 capitum
868 688 932 746 eius
955 687 1095 746 indicatio
1117 689 1312 748 demonstrat.
1357 688 1454 766 Leges
1469 698 1569 748 autern
1593 689 1649 748 sci-

316 808 383 849 mus
411 790 575 867 appellatas
602 807 669 848 esse
696 791 908 867 imperatorum
937 791 1165 850 constitutiones
1194 793 1231 850 de
1256 793 1320 850 iure
1347 793 1521 867 municipali
1556 793 1651 868 deque

318 895 439 952 civitate
468 893 608 951 Romana
636 892 747 950 viritim
780 891 978 967 tribuenda1).
1022 891 1120 952 Notus
1153 901 1310 971 praeterea
1343 904 1389 954 est
1421 894 1589 952 communis
1622 894 1652 950 iu

317 997 423 1072 lingua
443 994 554 1052 Latina
575 1012 646 1052 usus
669 994 816 1066 vocabuli,
844 994 923 1069 quod
953 1003 998 1054 est
1023 995 1082 1068 lex,
1112 996 1149 1054 ad
1172 997 1356 1072 designanda
1382 1005 1543 1073 praecepta
1565 1013 1652 1072 regu-

318 1100 402 1158 lasve
424 1099 534 1174 quibus
556 1097 684 1174 collegia
705 1097 851 1155 sodalicia
872 1098 984 1173 templa
1009 1098 1080 1156 fana
1102 1107 1132 1158 et
1153 1117 1230 1174 quae
1258 1106 1327 1157 sunt
1353 1099 1461 1157 similia
1484 1100 1653 1158 utebantur.

217 1284 222 1292 ι
318 1203 394 1260 Eius
417 1219 489 1259 vero
511 1199 628 1276 generis
651 1199 756 1276 legem,
779 1199 830 1257 ubi
852 1199 887 1256 de
907 1200 1046 1278 vectigali
1062 1201 1251 1259 metallorum
1275 1203 1384 1280 agitur,
1408 1201 1541 1260 ut‘infra
1564 1219 1654 1278 appa-

318 1303 404 1376 rebit,
433 1303 527 1379 deque
555 1302 704 1360 locatione
732 1301 927 1359 conductione
955 1321 1013 1360 non
1040 1321 1130 1378 posse
1155 1303 1348 1362 constitutam
1372 1321 1437 1362 esse
1459 1304 1518 1362 nisi
1542 1311 1596 1361 aut
1618 1303 1653 1360 ab

319 1411 501 1482 imperatore
522 1405 600 1480 ipsu,
623 1405 708 1464 cuius
731 1403 853 1462 metalla
875 1413 969 1475 erant,
992 1411 1042 1463 aut
1058 1424 1076 1461 a
1091 1415 1283 1482 procuratore
1305 1405 1504 1478 metallorum,
1528 1423 1654 1477 summo,

320 1516 353 1568 ut
375 1508 438 1566 dixi
458 1507 613 1582 probabile
632 1525 710 1578 esse,
732 1507 796 1564 eius
817 1507 1006 1582 magistratu,
1030 1518 1141 1565 certum
1165 1516 1219 1566 est.
1265 1505 1341 1566 Cum
1362 1527 1439 1584 quae
1460 1507 1548 1566 initio
1571 1526 1655 1584 prae-

321 1611 433 1687 scripta
459 1610 580 1668 fuerunt
605 1609 665 1686 legi
691 1609 867 1680 interierint,
896 1629 933 1667 ex
956 1609 999 1666 eis
1022 1627 1098 1684 quae
1126 1619 1288 1686 supersunt
1310 1611 1458 1688 capitibus
1481 1610 1581 1686 qualis
1604 1609 1658 1667 illa

319 1714 410 1771 fuerit
436 1713 553 1788 generis
580 1712 807 1769 ratiocinatione
835 1723 915 1769 certa
942 1713 1113 1788 recuperari
1135 1713 1247 1788 nequit.
1291 1712 1362 1772 Non
1384 1712 1453 1770 huic
1474 1718 1576 1770 autem
1599 1731 1657 1770 rne-

321 1817 394 1874 tallo
416 1823 542 1886 tantum,
571 1813 623 1871 sed
646 1814 714 1872 aliis
738 1832 856 1890 quoque
880 1814 992 1889 eisque,
1020 1833 1097 1890 quae
1119 1815 1185 1872 fisci
1207 1815 1336 1887 luerunt,
1364 1815 1494 1874 fortasse
1516 1813 1657 1872 omnibus

321 1919 398 1977 tales
426 1917 522 1975 fuisse
550 1917 631 1992 leges
659 1915 727 1974 inde
749 1915 872 1989 deduco,
900 1916 980 1992 quod
1006 1917 1037 1974 in
1060 1917 1116 1976 hae
1138 1917 1206 1994 ipsa
1227 1917 1294 1994 lege
1317 1919 1362 1976 lar
1377 1920 1578 1993 ferrariarum
1599 1934 1658 1974 me·

322 2029 455 2080 moratur
476 2039 504 2077 r.
530 2019 583 2088 343
606 2037 672 2076 eam
695 2017 764 2076 huic
785 2018 845 2094 legi
868 2018 994 2076 similem
1015 2019 1110 2076 fuisse
1131 2019 1286 2095 probabile
1310 2027 1363 2078 est.

405 2121 557 2180 Universa
583 2121 643 2192 lex,
677 2119 764 2195 ouius
788 2120 898 2196 exigua
923 2120 1052 2178 fortasse
1078 2131 1194 2178 tantum
1221 2130 1359 2196 superest
1391 2121 1550 2198 particula,
1586 2119 1659 2196 quid

323 2225 510 2296 continuerit,
533 2243 593 2281 non
615 2223 711 2300 magis
735 2228 817 2279 certa
843 2221 1012 2280 coniectura
1035 2223 1155 2298 assequi
1177 2223 1256 2295 licet,
1284 2241 1374 2298 quam
1400 2224 1481 2300 quali
1504 2243 1541 2282 ea
1563 2223 1659 2282 forma

323 2329 420 2386 fuerit.
465 2326 543 2384 Illud
565 2333 664 2383 autem
686 2333 820 2400 apparet,
848 2325 879 2381 iu
905 2325 1051 2402 capitibus
1079 2329 1142 2383 eius
1164 2343 1243 2400 quae
1264 2307 1424 2402 supersunt
1446 2345 1542 2402 paene
1566 2326 1660 2384 omui·

324 2431 381 2488 bus
409 2429 458 2505 agi
484 2428 520 2485 de
546 2428 696 2485 locatione
723 2427 920 2486 conductione
946 2447 1047 2486 rerum
1069 2427 1294 2502 officiorumque
1316 2427 1516 2488 diversissimi
1540 2429 1659 2505 generis

325 2553 343 2590 a
365 2538 558 2609 procuratore
580 2529 769 2588 metallorum
791 2529 981 2588 instituenda.
1027 2527 1116 2589 Certe
1143 2529 1207 2588 eius
1231 2531 1349 2606 generis
1371 2538 1532 2608 praecepta
1556 2540 1659 2607 potue-

324 2643 395 2692 runt
421 2633 578 2710 proposita
604 2651 670 2690 esse
692 2631 759 2708 lege
786 2632 920 2691 edictove
948 2631 1093 2708 singulari
1116 2631 1153 2690 de
1175 2633 1372 2691 conductione
1393 2633 1555 2691 locatione.
1602 2633 1660 2692 Ta-

324 2756 392 2796 men
415 2735 511 2811 magis
534 2734 690 2813 probabile
713 2742 759 2793 est
781 2734 894 2792 inserta
920 2753 956 2792 ea
977 2734 1071 2792 fuisse
1097 2734 1157 2812 legi
1180 2734 1270 2792 alicui
1291 2735 1448 2794 universae
1470 2736 1596 2794 metallo
1618 2736 1662 2793 illi

324 2838 507 2916 Vipascensi
529 2837 635 2909 diotae,
664 2855 724 2912 qua
746 2836 965 2894 administratio
993 2853 1127 2912 ususque
1149 2837 1213 2894 eius
1242 2837 1392 2895 tralaticio
1415 2847 1486 2912 puto
1510 2857 1594 2898 more
1616 2859 1661 2896 re-

327 2942 480 3020 gebantur.
524 2939 600 2996 Earn
628 2939 755 2997 indicari
777 2957 805 2996 v.
830 2939 868 2996 59
899 2956 991 3013 supra
1016 2938 1075 2996 iarn
1103 2939 1166 2997 dixi
1192 2939 1348 3016 probabile
1375 2957 1452 2998 esse.
1496 2941 1530 2998 In
1553 2959 1661 3000 novem

326 3051 426 3102 autem
454 3041 530 3118 legis
557 3041 716 3116 capitibus,
750 3059 878 3116 quorum
905 3040 1008 3098 titulos
1035 3041 1115 3098 infra
1144 3043 1311 3116 composui,
1345 3043 1466 3118 negotia
1498 3052 1528 3099 et
1563 3043 1662 3102 officia

327 3154 538 3204 enumerantur
560 3163 604 3216 ea,
635 3161 710 3220 quae
734 3141 882 3200 credenda
904 3152 974 3200 sunt
995 3143 1109 3200 metalli
1133 3144 1263 3217 domino,
1290 3143 1322 3201 id
1344 3155 1390 3202 est
1412 3145 1589 3222 imperatori
1612 3147 1661 3203 fis·

328 3267 401 3306 cove
423 3247 498 3318 eius,
526 3247 591 3304 iure
612 3251 767 3304 reservata
792 3244 897 3302 fuisse.
941 3244 988 3300 Ea
1009 3254 1187 3320 procurator
1209 3246 1397 3304 metallorum
1427 3247 1661 3306 conductoribus

328 3349 448 3408 locabat
469 3349 521 3422 ita,
550 3356 583 3406 ut
609 3347 783 3425 pensionem
810 3347 854 3404 illi
881 3346 954 3404 fisco
978 3347 1128 3406 solverent
1155 3367 1292 3407 annuam.
1337 3347 1437 3407 Unum
1461 3339 1552 3424 caput
1575 3346 1680 3408 breve'

328 3451 408 3528 quod
431 3459 477 3509 est
499 3452 535 3510 de
557 3451 620 3508 ludi
646 3449 800 3526 magistris
826 3449 1032 3507 conductionis
1055 3450 1215 3509 locationis
1234 3461 1427 3527 praeceptum
1450 3468 1510 3509 non
1533 3451 1663 3510 eontinet

329 3573 424 3630 neque
447 3553 539 3612 ullam
562 3553 649 3611 huius
677 3553 790 3628 negotii
813 3551 973 3610 exercendi
994 3570 1087 3610 causa
1107 3557 1283 3630 pensionem
1305 3553 1378 3610 fisco
1401 3552 1577 3611 solvendam
1600 3570 1663 3611 esse

329 3656 484 3734 praecipit.
529 3653 686 3730 Capitibus
716 3663 815 3712 autem
845 3673 952 3711 novem
982 3655 1219 3731 servatis,quae
1241 3654 1395 3712 brevitatis
1418 3673 1509 3712 causa
1530 3656 1663 3714 numeris

334 3758 486 3835 distinguo
509 3758 540 3815 in
561 3759 629 3834 ipsa
650 3758 724 3833 lege,
749 3764 781 3813 ut
803 3757 877 3828 dixi,
899 3773 960 3813 non
982 3755 1154 3832 adscriptis,
1178 3756 1208 3814 hi
1231 3755 1395 3832 praepositi
1418 3765 1489 3816 sunt
1510 3757 1605 3816 tituli:

434 3861 449 3918 I
472 3864 637 3918 centesimae
659 3863 841 3935 arpentariaa
863 3859 1058 3934 stipulationis

420 3963 451 4020 II
473 3965 634 4038 scripturae
651 3965 811 4037 praeconii

403 4067 450 4124 III
473 4065 579 4122 balinei
594 4066 716 4139 fruendi

405 4168 449 4227 IV
472 4170 576 4226 sutrini

421 4270 450 4330 V
472 4272 605 4330 tonstriai

404 4372 450 4432 VI
474 4374 656 4431 tabernarum
670 4372 865 4448 fallaciarum

388 4476 451 4535 VII
474 4479 634 4551 scripturae
656 4478 870 4534 scaararioram
893 4483 918 4532 at
940 4477 1119 4532 testariorum

374 4578 451 4637 VIII
475 4579 537 4635 lucii
558 4581 689 4653 mapistri

402 4681 451 4739 IX
473 4683 672 4754 usurpationes
691 4689 841 4755 puteorum
864 4682 921 4736 siaa
939 4681 1139 4754 pittaciariam

335 4781 484 4856 Quattuor
506 4783 613 4840 horum
635 4781 790 4840 titulorum
814 4781 877 4855 (III
899 4779 989 4838 IVV
1013 4779 1068 4855 Vl)
1092 4782 1193 4857 possis
1215 4790 1321 4856 putare
1344 4783 1482 4860 genetivo
1506 4803 1578 4842 casu
1599 4801 1663 4860 pro-

334 4885 405 4942 ferri
428 4891 480 4941 aut
501 4885 544 4942 ita
558 4885 749 4960 explicando,
769 4893 801 4942 ut
822 4883 1012 4960 intellegatur
1027 4883 1184 4942 conductio
1207 4883 1318 4942 locatio
1333 4885 1446 4944 balinei
1468 4886 1595 4960 fruendi,
1618 4905 1663 4945 su·

411 5124 435 5186 ¹)
473 5127 541 5177 Vide
560 5142 625 5192 quae
651 5142 681 5176 ea
707 5127 739 5176 de
759 5142 786 5176 re
805 5127 1021 5177 Mommsenus
1046 5096 1166 5191 exposuit
1187 5127 1214 5177 iu
1234 5129 1420 5178 commentario
1440 5129 1475 5178 ad
1493 5131 1563 5196 leges
1582 5130 1663 5180 Mala·

336 5216 446 5268 citauam
465 5226 491 5270 et
503 5219 690 5285 Salpensanam
710 5236 734 5284 p.
750 5218 803 5270 390
815 5235 848 5269 ss.
868 5220 980 5284 itemque
1000 5219 1027 5268 in
1047 5219 1143 5270 enchir.
1163 5221 1226 5270 iuris
1245 5220 1341 5286 publici
1355 5221 1468 5273 Romani
1481 5223 1510 5274 11
1528 5239 1554 5287 p.
1570 5223 1620 5274 328
1631 5236 1662 5270 ss.
