3596 6040
360 545 431 614 110
790 559 1095 609 annrrnunurvu
1122 559 1205 609 von.
1227 559 1255 608 11

355 739 414 796 dex
436 738 472 809 is,
495 736 545 812 qui
566 736 727 794 iudicatum
751 734 886 792 adseruit
906 735 937 791 in
958 733 1137 804 libertatem,
1163 733 1190 792 si
1216 743 1432 792 sacramentum
1454 735 1519 792 eius
1540 733 1686 792 iaiustum

355 840 518 898 iudicatum
540 847 598 908 est;
623 837 817 912 videnturque
833 836 925 894 verba
945 835 1022 912 Iegis
1037 835 1193 912 Hispanae
1215 838 1266 909 qai
1287 839 1316 892 in
1338 855 1369 894 eo
1390 839 1447 894 aim
1461 839 1540 912 sarit
1560 856 1685 912 respon-

355 942 424 999 dere
446 940 667 1017 quodammodo
690 938 798 1010 verbis,
821 956 897 1013 quae
919 937 1029 995 tradita
1050 937 1195 996 babemus
1218 955 1256 996 ex
1278 939 1346 1017 Iege
1360 939 1421 998 XII
1444 940 1612 998 tabularum
1636 944 1686 1015 qui

355 1046 425 1102 enda
448 1063 478 1102 eo
500 1046 558 1102 aim
579 1044 657 1114 dicit,
690 1049 722 1099 ut
754 1040 802 1098 bic
836 1041 875 1098 sit
906 1039 1015 1097 vindex
1048 1040 1285 1116 qualiscumque,
1317 1041 1367 1100 ille
1401 1041 1511 1100 viadex
1542 1041 1685 1102 iniustus.

354 1145 434 1204 Nam
460 1165 498 1202 ne
525 1146 628 1204 credas
652 1144 702 1220 qui
723 1143 783 1200 vim
804 1142 876 1200 facit
897 1162 913 1198 e
935 1142 1083 1200 contrario
1106 1161 1174 1200 eum
1196 1160 1264 1201 esse
1289 1143 1340 1219 qui
1362 1153 1467 1202 contra
1491 1145 1539 1204 ius
1562 1165 1685 1204 manum

353 1247 487 1306 iniecerit
514 1266 661 1323 quemque
686 1247 729 1304 ita
757 1246 868 1303 vindex
894 1255 974 1302 recte
999 1244 1157 1321 repulerit,
1187 1247 1287 1304 obstat
1314 1246 1439 1320 primum
1466 1249 1546 1322 quod
1571 1249 1685 1306 vindici

354 1352 417 1410 eive
439 1370 527 1426 quem
542 1348 703 1408 vindicavit
724 1348 894 1406 adsertione
915 1348 996 1404 iusta
1017 1347 1148 1404 iudicata
1170 1347 1252 1423 dupli
1268 1349 1415 1406 actionem
1430 1350 1461 1406 in
1477 1349 1684 1409 adversarium

354 1453 454 1511 datam
475 1470 542 1511 esse
564 1470 618 1510 nec
640 1451 782 1509 traditam
802 1458 847 1508 est
865 1469 920 1508 nec
935 1449 997 1507 veri
1020 1449 1125 1520 simile,
1148 1459 1267 1508 constat
1288 1459 1385 1508 autem
1406 1451 1443 1510 de
1462 1451 1546 1528 dupli
1565 1453 1685 1512 actione

353 1555 384 1612 in
406 1555 552 1613 vindicem
578 1553 700 1624 falsum,
726 1552 804 1612 unde
831 1561 936 1627 postea
962 1559 1049 1610 enata
1075 1560 1122 1608 est
1143 1551 1221 1610 actio
1247 1553 1277 1610 in
1300 1553 1424 1628 duplum
1445 1553 1575 1613 iudicati.
1622 1555 1684 1615 Ob-

354 1664 415 1715 stat
442 1656 549 1714 deinde
576 1656 656 1731 quod
681 1663 803 1731 propter
828 1671 934 1712 manus
962 1653 1151 1712 iniectionem
1178 1653 1287 1712 iustam
1314 1655 1424 1714 iniuste
1454 1656 1569 1716 elusam
1603 1670 1685 1716 recte

354 1759 468 1817 colonis
495 1759 572 1817 actio
601 1759 698 1829 datur,
725 1775 791 1814 cum
818 1776 873 1833 per
899 1775 965 1814 eam
990 1775 1073 1814 rcum
1096 1756 1323 1815 condemnatum
1345 1758 1403 1816 sibi
1425 1759 1624 1833 perdiderint3
1656 1769 1687 1818 at

353 1880 459 1920 manus
486 1861 605 1920 iniectio
634 1880 693 1918 non
719 1861 800 1918 iusta
825 1866 940 1916 tantam
968 1858 1052 1916 abest
1085 1869 1117 1917 ut
1143 1859 1256 1916 colonis
1285 1859 1425 1918 damnum
1453 1860 1576 1932 inferat,
1606 1871 1642 1919 ut
1669 1883 1686 1922 e

352 1965 503 2022 contrario
536 1984 571 2022 eo
604 1980 676 2021 casu
707 1962 766 2039 ipsi
798 1961 1018 2037 quodammodo
1047 1959 1204 2020 videantur
1232 1962 1259 2019 ei
1287 1961 1333 2020 cui
1362 1980 1469 2020 manus
1498 1963 1610 2022 iniecta
1638 1973 1686 2023 est

352 2066 492 2124 damnum
514 2066 631 2125 fecisse.
673 2065 778 2140 Itaque
799 2075 879 2121 reete
901 2063 958 2120 huc
979 2062 1140 2122 referemus
1162 2063 1261 2122 Iocum
1284 2065 1451 2122 tabularum
1474 2065 1598 2125 aFesto
1623 2085 1687 2126 ser·

353 2177 454 2226 vatum
476 2189 505 2245 p.
523 2167 582 2227 376
610 2167 734 2242 (XII,4
757 2165 903 2241 Schoell):
927 2169 952 2223 si
973 2167 1127 2224 vindiciam
1142 2166 1255 2240 salsam
1278 2167 1350 2237 tulit,
1373 2171 1399 2225 si
1421 2168 1495 2240 velit,
1518 2171 1544 2226 is
1566 2168 1685 2245 [prae]-

353 2282 395 2330 tor
420 2273 545 2330 arbitros
572 2274 625 2328 tris
653 2271 737 2328 dato:
766 2287 861 2327 eorum
886 2267 1005 2326 arbitrio
1029 2266 1085 2342 [rei
1106 2267 1142 2342 et]
1158 2269 1274 2342 fructas
1297 2270 1431 2344 duplione
1452 2271 1587 2328 damnum
1609 2271 1685 2331 deoi-

353 2374 426 2444 dito,
457 2373 516 2432 nisi
552 2373 632 2448 quod
662 2371 708 2428 his
743 2371 843 2430 verbis
871 2377 1025 2446 praeterea
1050 2369 1146 2427 forma
1172 2370 1275 2428 iudicii
1300 2370 1520 2430 determinatur.
1571 2373 1621 2430 Ab
1649 2393 1686 2432 ea

351 2475 449 2533 forma
472 2475 522 2533 Iex
545 2475 700 2546 recentior,
728 2481 760 2532 ut
788 2474 876 2532 modo
899 2473 1040 2544 diximus,
1066 2473 1108 2530 ita
1129 2472 1250 2544 recedit,
1284 2481 1315 2530 ut
1341 2481 1458 2548 praeter
1484 2474 1609 2550 duplam
1632 2495 1684 2534 an-

351 2577 496 2652 tiquam1)
529 2578 641 2637 iniusto
670 2576 814 2634 adsertori
846 2577 876 2633 in
910 2593 1003 2633 causa
1034 2575 1169 2633 coloniae
1194 2594 1321 2652 poenam
1348 2575 1485 2652 iniungat
1512 2579 1684 2636 sestertium

352 2679 466 2737 milium
488 2679 561 2738 XX.

913 2845 1117 2853 -.-—--——

434 3047 509 3124 Agri
532 3047 640 3124 privati
663 3045 865 3104 condicionem
888 3047 939 3103 Iex
962 3045 1110 3122 capitibus
1129 3045 1260 3121 quinque
1282 3044 1450 3104 aLXXIII
1471 3049 1509 3106 ad
1525 3047 1684 3108 LXXVII

351 3159 381 3208 et
402 3150 551 3208 continuis
578 3149 656 3207 inter
682 3167 714 3207 sc
741 3155 771 3206 et
797 3168 829 3205 re
855 3147 1020 3206 coniunctis
1047 3147 1091 3205 ita
1117 3147 1302 3220 determinat,
1329 3155 1362 3204 ut
1383 3149 1454 3224 quid
1475 3149 1505 3206 in
1528 3167 1602 3226 agro
1627 3169 1682 3210 suo

352 3252 471 3310 domino
493 3252 589 3310 facere
611 3271 671 3308 non
691 3251 782 3309 liceat
803 3259 941 3308 accurate
964 3257 993 3306 et
1015 3249 1102 3324 plene
1125 3258 1238 3307 caveat.

199 3367 350 3430 sepulcrum
436 3354 461 3412 I.
506 3351 593 3426 Quod
623 3362 669 3412 est
696 3355 726 3410 in
754 3353 819 3430 lege
841 3352 905 3409 XII
927 3351 1094 3410 tabularum
1122 3351 1258 3408 bominem
1279 3364 1417 3410 raortuum
1438 3357 1469 3410 iu
1490 3354 1559 3413 arbe
1580 3375 1617 3414 ne
1639 3377 1683 3415 se-

202 3449 228 3496 in
245 3449 341 3512 oppido
351 3457 439 3532 pelito
461 3475 527 3514 neae
548 3459 633 3527 urito,
660 3465 692 3512 ut
714 3455 783 3512 alibi
811 3455 926 3531 passim
952 3435 1037 3525 redit,
1065 3454 1107 3511 ita
1131 3455 1221 3512 huius
1248 3473 1366 3530 quoque
1393 3455 1468 3531 legis
1491 3475 1516 3514 c.
1539 3455 1684 3516 LXXIII

229 3545 261 3580 ne
275 3532 321 3582 fiat
353 3559 529 3616 continetur.
574 3555 702 3616 Cautum
725 3556 754 3614 id
770 3573 836 3615 esse
859 3577 917 3614 non
939 3564 999 3614 tam
1021 3565 1144 3633 propter
1165 3556 1243 3631 ignis
1265 3557 1440 3632 periculum,
1463 3567 1496 3614 ut
1517 3557 1559 3616 ait
1575 3557 1681 3619 Cicero

350 3661 386 3719 de
407 3661 465 3738 leg.
490 3659 518 3733 2,
535 3657 583 3731 23,
600 3660 650 3731 58,
672 3679 776 3736 quam,
806 3668 838 3716 ut
860 3659 971 3716 hebent
993 3659 1067 3716 iuris
1090 3668 1242 3728 auctores,
1271 3677 1305 3715 aa
1323 3662 1506 3734 funestentur
1530 3679 1619 3720 sacra
1641 3667 1680 3721 oi·

349 3766 445 3822 citatis
469 3761 598 3836 (Paulus
623 3780 647 3820 s.
670 3782 693 3818 r.
720 3764 746 3833 1,
764 3761 812 3834 21,
829 3759 873 3836 2),
900 3781 934 3818 ne
955 3771 1084 3819 sanatum
1105 3763 1322 3836 municipiorum
1342 3765 1388 3818 ius
1405 3763 1560 3836 polluatur
1587 3762 1680 3840 (Cod.

349 3867 423 3923 lust.
449 3866 542 3937 s,44,
562 3863 624 3938 12),
648 3883 682 3920 eo
705 3863 925 3940 comprobatur,
954 3862 1032 3938 quod
1059 3861 1090 3919 id
1116 3864 1164 3920 ius
1187 3862 1301 3920 obtinet
1326 3863 1415 3920 etiam
1437 3864 1492 3921 hac
1513 3864 1580 3944 lege
1603 3876 1681 3926 teste

349 3987 408 4025 non
437 3969 517 4025 intra
545 3966 728 4024 continentia
757 3964 902 4034 aedificia,
936 3965 989 4022 sed
1011 3965 1090 4022 intra
1114 3963 1279 4041 pomerium
1306 3964 1502 4022 solummodo
1530 3999 1568 4008 —-
1604 3967 1680 4027 Cum

350 4070 502 4128 sanctione
530 4069 615 4144 Iegis,
642 4067 756 4125 scilicet
784 4074 816 4124 ut
844 4067 1039 4143 magistratus
1067 4065 1201 4124 coloniae
1226 4065 1345 4141 publice
1373 4066 1573 4126 demoliantur
1599 4071 1681 4146 quod

351 4178 455 4229 contra
471 4170 548 4227 banc
569 4170 665 4246 Iegem
687 4168 796 4227 factum
813 4169 878 4238 erit,
900 4169 971 4226 item
987 4168 1037 4244 qui
1053 4177 1156 4226 contra
1177 4168 1280 4226 fecerit
1294 4187 1421 4245 poenam
1437 4163 1497 4225 HS
1519 4169 1548 4228 V
1563 4171 1679 4230 milium

351 4273 508 4343 sustineat,
531 4273 668 4347 componi
694 4278 793 4346 potest
819 4271 900 4346 quod
926 4270 1079 4346 rescripsit
1099 4269 1272 4328 Hadrianus
1301 4269 1385 4346 (Dig.
1409 4271 1459 4343 47,
1478 4269 1526 4342 12,
1543 4272 1571 4345 3,
1588 4273 1633 4349 5),
1655 4275 1681 4332 si

351 4373 418 4451 quis
441 4373 473 4430 in
496 4373 613 4430 civitate
637 4373 809 4450 sepulcrum
831 4373 944 4444 fecerit,
966 4373 1064 4430 Iocum
1088 4371 1300 4448 publicandum
1317 4389 1389 4444 ,esse
1411 4391 1598 4450 poenamque
1620 4374 1678 4433 XL

350 4493 507 4533 aureorum
530 4476 603 4533 fisco
626 4475 820 4533 inferendam.
866 4471 1042 4550 Sepulcrum
1058 4483 1179 4550 propter
1200 4474 1295 4550 Iegem
1312 4474 1454 4532 violatum
1471 4474 1565 4533 nihilo
1580 4479 1679 4535 minus

351 4576 531 4652 expiandum
561 4577 655 4636 faisse
681 4585 913 4636 consentaneum
940 4585 999 4646 est;
1028 4595 1123 4652 neque
1145 4575 1234 4634 aliam
1258 4576 1296 4633 ob
1318 4594 1439 4634 causam
1462 4575 1575 4636 Paulus
1597 4588 1680 4654 post·
1709 4601 1715 4616 ·

350 4698 439 4756 quam
462 4679 498 4738 de
520 4680 576 4736 hac
598 4679 664 4755 Iege
686 4679 828 4755 exposuit
849 4679 892 4736 sic
915 4679 1012 4754 pergit
1035 4678 1073 4754 (s.
1095 4699 1121 4737 r.
1147 4681 1173 4749 1,
1188 4677 1238 4748 21,
1255 4677 1301 4752 4):
1328 4682 1379 4753 qui
1401 4697 1504 4754 corpus
1521 4691 1678 4755 perpetuae

349 4782 513 4856 sepulturae
536 4783 670 4841 traditum
687 4782 922 4839 ....nudaverit
944 4790 970 4838 ct
990 4782 1059 4838 solis
1081 4782 1174 4838 radiis
1190 4781 1343 4839 ostenderit
1359 4781 1507 4855 piaculum
1525 4785 1675 4840 committit.

427 4969 450 5030 ¹)
472 4969 548 5031 Quod
574 4971 672 5020 amicus
696 4970 799 5035 quidam
825 4969 890 5018 mihi
916 4969 1069 5033 significavit
1088 4969 1144 5018 fieri
1163 4984 1239 5033 posse
1258 4975 1286 5018 ut
1305 4975 1381 5034 caput
1404 4967 1453 5018 hoc
1472 4969 1625 5033 pertinuerit
1642 4969 1676 5018 ad

349 5062 490 5111 iudicatum
513 5062 620 5126 aliquod
643 5075 742 5126 poenae
769 5076 845 5111 causa
868 5061 963 5111 factum
988 5063 1132 5111 sestertium
1156 5062 1211 5110 XX
1230 5061 1330 5110 milium
1354 5061 1441 5125 itaque
1465 5061 1497 5110 de
1517 5076 1569 5111 una
1592 5075 1676 5125 poena

350 5154 512 5203 solummodo
533 5154 583 5217 agi,
604 5153 668 5202 mihi
687 5170 739 5202 non
758 5153 893 5218 probatur:
919 5154 1047 5219 duplicem
1072 5154 1141 5203 enim
1167 5153 1408 5204 condemnationem
1432 5153 1539 5217 requirit
1561 5153 1630 5218 quod
1647 5153 1675 5201 in

349 5245 404 5310 Iege
424 5246 462 5295 bis
480 5245 603 5310 repetitur
621 5243 726 5294 damnas
745 5251 804 5296 esto.
