3632 6040
615 611 663 660 nu
691 610 851 662 uterino
879 611 1060 671 nnrrovo.
1454 595 1498 662 21

169 785 447 844 Tarraconensibus
461 818 518 855 -,
535 784 628 842 nolim
644 792 741 842 tamen
757 802 898 842 revocare
914 783 952 840 ad
967 784 1078 843 iontem
1094 785 1262 856 diversum3
1283 787 1408 845 redeunt
1423 787 1501 845 enim

168 889 289 947 eaedem
315 887 347 945 in
373 887 451 944 libro
478 886 634 945 Parmensi
663 885 697 962 (f.
717 882 781 962 16‘)
815 885 989 945 coniunctae
1015 906 1081 945 cum
1110 887 1204 946 titulis
1234 889 1285 964 qui
1317 894 1382 946 sine
1410 888 1501 948 dubio

168 998 239 1050 sunt
261 989 397 1064 Antiqui.

250 1092 422 1150 Putaverim
445 1101 553 1162 autem,
581 1091 730 1166 proficisci
757 1091 831 1149 haec
858 1091 1042 1150 collectanea
1064 1111 1083 1150 a
1104 1094 1229 1165 viatore,
1255 1095 1307 1170 qui
1334 1113 1374 1152 ex
1397 1092 1501 1153 Gallia

166 1195 300 1253 terrestri
326 1192 433 1251 itinere
454 1192 617 1251 adveniens
645 1194 774 1269 primum
796 1193 895 1271 attigit
920 1195 1080 1267 Aesonem,
1108 1195 1253 1268 Ilerdam,
1288 1195 1500 1270 Tarraconem,

165 1298 340 1368 Dertosam,
370 1295 475 1353 deinde
499 1295 651 1354 meridiem
676 1313 781 1355 versus
804 1297 949 1373 perrexit:
980 1315 1106 1372 quocum
1130 1299 1268 1374 congruit
1290 1299 1352 1358 fere
1374 1299 1447 1358 ordo
1469 1300 1500 1357 in

165 1398 362 1477 disponendis
384 1399 632 1474 inscriptionibus
648 1398 837 1470 observatus,
860 1399 918 1456 nisi
935 1401 1015 1474 quod
1031 1399 1164 1459 Tarraco
1179 1409 1209 1458 et
1224 1398 1392 1478 Saguntum
1411 1421 1500 1479 prop-

165 1512 210 1560 ter
232 1501 409 1576 ampliorem
430 1519 588 1558 numerum
610 1501 717 1578 opinor
740 1501 894 1559 titulorum
921 1501 990 1559 inde
1018 1502 1184 1561 adlatarum
1211 1504 1384 1580 praeposita
1414 1513 1499 1576 suut;

164 1606 234 1662 item
263 1623 317 1662 cur
342 1603 579 1662 Barcinonensis
606 1607 726 1661 omnino
754 1603 870 1675 absint,
906 1604 962 1661 bac
991 1605 1107 1663 ratione
1135 1605 1312 1682 explicatur.
1358 1605 1501 1682 Sequitur

163 1715 235 1783 post
256 1706 342 1764 fictos
364 1705 468 1763 titulos
490 1705 577 1763 410*.
601 1703 687 1763 149*.
712 1703 799 1763 382*.
816 1703 904 1777 383*‚
928 1705 976 1781 qui
1000 1725 1039 1763 ex
1061 1707 1193 1785 vulgatis
1216 1709 1282 1767 eius
1304 1709 1411 1766 aetatis
1434 1728 1499 1766 cor-

163 1810 288 1884 poribus
314 1809 384 1866 huic
413 1807 581 1866 collectioni
609 1807 817 1879 adhaeserunt,
846 1807 939 1866 series
968 1809 1197 1886 inscriptionum
1225 1809 1439 1868 Lusitanarum
1469 1819 1499 1870 et

163 1911 365 1983 Baeticarum,
394 1929 469 1986 quae
492 1911 523 1968 in
545 1911 619 1968 solis
643 1910 865 1987 exemplaribus
889 1909 1063 1988 Peutingeri
1086 1911 1294 1970 Filonardiani
1317 1909 1424 1971 Sanuti
1447 1933 1497 1971 ex·

163 2021 232 2072 stat.
277 2013 318 2070 Et
339 2013 376 2070 de
393 2012 547 2072 Lusitanis
571 2011 690 2088 quidem
715 2012 786 2086 (Fil.
802 2012 822 2069 f.
840 2007 980 2070 78¹-sn
998 2008 1147 2086 84¹-85‘,
1171 2010 1242 2072 San.
1259 2014 1279 2071 f.
1296 2011 1497 2091 toa-305¹)

162 2134 274 2192 anceps
302 2122 349 2174 est
376 2115 522 2193 quaestio,
550 2115 758 2192 pertineantne
784 2135 818 2173 re
840 2133 911 2172 vera
937 2115 973 2171 ad
996 2115 1163 2191 Antiquam
1191 2135 1229 2173 an
1252 2117 1311 2174 sint
1332 2118 1498 2175 auctarium

162 2217 283 2276 aliunde
305 2226 474 2295 acceptum:
499 2217 608 2276 desunt
630 2217 708 2275 enim
731 2217 810 2293 apud
831 2216 1054 2293 Peutingerum.
1100 2215 1168 2290 Qua
1190 2217 1226 2274 de
1248 2237 1280 2276 re
1305 2218 1420 2276 varium
1442 2219 1498 2278 fuit

162 2321 319 2379 Huebneri
340 2320 484 2379 iudicium
507 2319 549 2397 (p.
569 2319 636 2376 101.
655 2317 739 2394 620),
762 2338 859 2395 neque
880 2337 935 2395 ego
956 2319 1115 2395 quicquam
1137 2320 1210 2377 certi
1233 2325 1363 2378 statuere
1385 2321 1495 2380 audeo:

161 2442 345 2500 quamquam
366 2423 463 2500 magis
487 2429 533 2480 est
559 2430 592 2479 ut
622 2420 740 2478 credam
762 2421 792 2478 in
816 2421 986 2498 archetype,
1013 2441 1051 2479 ex
1073 2440 1132 2498 quo
1154 2421 1213 2479 tria
1234 2428 1338 2480 nostra
1359 2424 1497 2501 exempla

161 2526 322 2596 fluxerunt,
350 2525 424 2583 haec
446 2542 506 2582 non
527 2523 640 2582 fuisse:
669 2542 764 2600 neque
787 2523 865 2582 enim
892 2524 968 2582 tales
996 2525 1090 2582 series
1112 2523 1241 2582 maiores
1264 2525 1295 2582 in
1317 2524 1394 2583 libro
1417 2526 1496 2585 Peu-

161 2629 269 2704 tingeri
291 2627 390 2686 omitti
411 2626 519 2698 solent,
547 2645 602 2685 nec
630 2627 709 2702 quod
732 2645 871 2685 numerus
893 2626 1106 2685 Lusitanorum
1134 2627 1250 2703 integer
1271 2627 1356 2686 deest
1377 2647 1414 2686 ne
1436 2649 1496 2687 uno

160 2730 281 2805 quidem
308 2729 396 2786 titulo
423 2729 493 2788 inde
520 2728 635 2799 relicto,
658 2729 803 2787 eiusmodi
826 2729 992 2814 estmquod
1018 2729 1141 2788 librario
1164 2730 1253 2788 facile
1276 2730 1366 2788 tribui
1388 2731 1494 2807 possit.

160 2831 268 2907 Neque
290 2839 389 2889 tamen
411 2841 534 2908 propter
556 2831 661 2889 aetatis
684 2832 830 2889 rationem
852 2833 941 2890 huius
965 2831 1160 2890 additamenti
1178 2832 1263 2907 origo
1286 2832 1324 2890 ad
1346 2833 1495 2892 collectio-

158 2953 212 2994 nes
236 2934 358 2992 Zuritae
382 2931 554 3004 Stradaeve,
577 2933 660 3008 quod
682 2934 809 2992 coniecit
829 2934 1021 3004 Huebnerus,
1043 2933 1147 2992 referri
1171 2935 1288 3010 poterit.

243 3035 386 3096 Ceterum
412 3035 549 3094 Lusitani
582 3036 611 3092 hi
644 3035 723 3093 tituli
755 3035 871 3094 collecti
898 3036 1038 3094 videntur
1070 3036 1108 3093 ab
1140 3035 1261 3092 homine
1288 3033 1495 3097 Salamantioa

156 3139 324 3198 Emeritam
350 3139 407 3197 iter
434 3137 577 3208 saciente3
604 3138 753 3213 incipiunt
779 3139 856 3195 enim
885 3138 1054 3196 amiliario
1080 3157 1109 3195 n.
1126 3137 1219 3208 4676,
1246 3137 1297 3212 qui
1319 3139 1493 3198 Mamerano

156 3252 232 3302 teste
261 3241 378 3316 positus
405 3247 469 3298 erat
496 3259 588 3318 prope
616 3257 725 3316 pagum
754 3237 900 3311 Calzada,
928 3250 957 3298 et
984 3261 1002 3298 a
1029 3240 1159 3298 miliario
1186 3239 1335 3312 Neronis,
1368 3241 1415 3299 cui
1442 3243 1494 3300 ad·

157 3346 372 3421 scriptumest
398 3342 479 3420 apud
501 3340 663 3402 Sanctum:
692 3361 711 3400 a
734 3341 934 3401 Salamantioa
961 3342 1030 3400 urbe
1058 3353 1144 3400 totum
1172 3342 1247 3400 illud
1273 3345 1327 3400 iter
1355 3346 1392 3401 iis
1418 3347 1494 3402 notis

155 3450 289 3524 referirent
314 3465 367 3521 per
394 3447 538 3504 columnas
566 3463 761 3514 marmoream
793 3455 959 3521 sequuntur
986 3444 1067 3502 tituli
1090 3443 1276 3520 Caperenses
1306 3452 1336 3502 et
1358 3445 1492 3505 sincerus

155 3571 183 3608 n.
201 3550 262 3608 834
290 3558 321 3607 et
348 3548 419 3621 ficti,
448 3549 557 3624 quibus
585 3548 635 3605 vix
662 3548 742 3605 ullus
768 3548 853 3606 locus
882 3547 978 3624 magis
1005 3547 1138 3605 abundat
1165 3565 1254 3621 quam
1278 3545 1406 3623 Capera,
1428 3549 1492 3607 noti

154 3653 299 3729 plerique,
322 3652 429 3727 quibus
453 3651 597 3708 accedunt
619 3669 657 3708 ex
679 3649 896 3707 Filonardiano
919 3649 1055 3707 nonnulli
1082 3651 1235 3723 hucusque
1262 3649 1372 3726 ignoti3
1402 3651 1492 3710 finem

154 3754 226 3812 facit
253 3754 403 3812 miliarius
431 3751 593 3823 Hadriani,
627 3753 665 3810 ad
692 3770 779 3827 quem
810 3751 983 3809 adnotatur:
1018 3753 1059 3807 ud
1084 3751 1243 3808 Emeritam
1275 3755 1305 3808 in
1337 3755 1491 3812 innumeris

156 3857 355 3915 marmoribus.

238 3959 302 4016 lam
334 3976 410 4032 quae
443 3957 576 4033 sequitur
605 3956 795 4015 Baeticorum
829 3955 984 4013 titulorum
1018 3955 1154 4012 collectio
1187 3955 1284 4012 tribus
1318 3957 1490 4037 auctoribus

156 4060 321 4118 communis
345 4059 446 4134 (Peut.
469 4058 489 4117 f.
507 4054 563 4116 54¹.
588 4055 740 4118 58¹-5a
784 4057 883 4116 Filon.
905 4057 926 4115 f.
944 4057 1085 4116 81-83.
1111 4055 1166 4115 83¹.
1183 4052 1340 4126 ‚st-862
1386 4057 1489 4120 Sanut.

154 4163 173 4220 f.
191 4158 385 4237 306-3os')
408 4161 620 4236 inscriptiones
649 4161 875 4236 comprehendit
896 4169 1030 4237 repertas
1054 4158 1206 4219 Granatae
1228 4159 1381 4219 Mentesae
1404 4162 1490 4220 nnti-

155 4265 276 4340 quariae
298 4262 419 4323 Ursone
440 4263 599 4322 Marcenae
622 4263 742 4339 Hispali
766 4262 875 4321 Arucci
884 4263 920 4338 ¹),
948 4280 1023 4338 quas
1052 4271 1103 4320 aut
1124 4279 1228 4320 omnes
1256 4271 1307 4321 aut
1329 4263 1490 4340 plerasque

155 4367 190 4424 ab
219 4387 279 4425 uno
307 4365 423 4424 viatore
451 4367 591 4424 collectas
623 4383 690 4424 esse
717 4365 805 4424 facile
832 4365 1004 4436 credideris,
1033 4365 1090 4424 etsi
1112 4365 1298 4422 itinerarium
1321 4365 1386 4424 eius
1409 4375 1490 4425 certa

154 4470 269 4527 ratione
299 4469 457 4526 restituere
487 4487 546 4526 non
577 4469 681 4526 auden.
725 4468 757 4525 Is
788 4488 826 4526 an
850 4465 1007 4527 Cordubae
1034 4468 1138 4526 titulos
1167 4468 1330 4544 collegerit,
1359 4467 1489 4528 dubitari

155 4578 265 4647 potest3
290 4580 368 4628 certe
384 4571 535 4646 Antiquns
552 4568 762 4629 Cordubenses
789 4589 849 4627 non
871 4569 973 4645 plures
988 4570 1131 4628 habuisse
1146 4569 1265 4628 videtur
1286 4587 1375 4644 quam
1398 4590 1488 4628 unam

154 4673 377 4750 inscriptionem
399 4693 426 4730 n.
445 4672 525 4729 2300
549 4682 578 4730 et
600 4672 718 4730 titulum
741 4673 844 4730 fictum
866 4669 1004 4742 n.1os*;
1032 4691 1100 4730 narn
1128 4689 1204 4746 quos
1232 4681 1388 4746 praeterea
1412 4673 1489 4732 liber

155 4867 355 4875 ———-—.---—-

228 5015 251 5076 1)
272 5015 369 5065 Arucci
395 5014 493 5076 (Mora)
516 5021 634 5079 repertus
659 5016 769 5064 traditur
793 5031 858 5064 unus
883 5016 970 5064 titulus
994 5015 1056 5074 963,
1084 5013 1225 5079 eodemque
1250 5015 1317 5064 falso
1342 5015 1487 5065 referuntur

153 5107 231 5157 2548.
253 5107 333 5168 2549,
359 5108 402 5171 qui
423 5106 625 5172 Compostellam
651 5109 786 5171 pertinent.
827 5108 912 5156 Etiam
936 5107 963 5155 in
988 5106 1040 5154 loci
1063 5106 1246 5180 indicationem
1272 5109 1306 5157 ad
1331 5124 1355 5157 n.
1371 5108 1423 5157 963
1447 5104 1486 5170 (in

151 5199 216 5248 villa
240 5197 338 5249 Meroe.
383 5198 414 5248 Ia
439 5199 528 5265 templo
549 5197 576 5248 S.
602 5197 694 5248 Iacodr'
717 5200 743 5248 in
768 5197 875 5264 quodam
901 5197 993 5262 arrpclo
1018 5196 1114 5258 Filon.)
1141 5201 1265 5263 templum
1290 5201 1317 5252 S.
1338 5199 1427 5248 Iacobi
1452 5213 1484 5246 ex

154 5289 416 5357 Compostellensibus
435 5293 568 5356 irrepsisse
588 5292 751 5342 crediderim.
