3596 6040
484 1349 666 1462 LEGIS
706 1347 1012 1462 COLONIAE

169 1547 328 1623 IVLIAE
357 1547 638 1626 GENETIVAE
666 1550 971 1627 VRBANORVM
997 1549 1104 1626 SIVE
1132 1549 1336 1624 VRSONIS

557 1713 686 1764 aaran
700 1713 734 1762 A.
749 1715 781 1764 v.
795 1715 824 1763 c.
838 1713 938 1764 noox

516 1834 814 1901 FRAGMENTA
838 1833 984 1900 NOVA.

391 1983 696 2035 annrramsurvu
716 1985 768 2034 An
789 1983 963 2036 coaroms
983 1983 1062 2035 von.
1078 1985 1113 2032 n.

674 2141 827 2149 -—-—-—-=

104 2194 233 2344 Ineunte
255 2306 281 2344 a.
311 2287 389 2344 1874
412 2288 523 2364 publici
547 2289 620 2347 iuris
642 2290 722 2346 facta
744 2299 814 2348 sunt
835 2289 866 2346 in
887 2289 976 2346 huius
999 2289 1196 2363 ephemeridis
1217 2289 1366 2347 volumine
1385 2289 1416 2346 II

105 2384 138 2460 (p.
155 2388 207 2446 105
219 2388 275 2464 ss.)
299 2387 376 2466 legis
399 2389 534 2448 coloniae
549 2389 735 2449 Ursonensis
758 2392 925 2466 fragmenta
946 2391 1092 2466 inscripta
1113 2391 1223 2449 tabulis
1245 2393 1341 2450 aereis
1364 2392 1416 2449 tri-

104 2485 149 2544 bus
170 2489 328 2547 seeundum
352 2501 457 2568 ectypa
478 2493 632 2551 nobiscum
653 2493 818 2552 liberaliter
836 2494 1055 2552 communicata
1074 2494 1111 2550 ab
1127 2493 1311 2550 Immanuele
1329 2494 1416 2551 Ber-

104 2587 197 2664 lauga
221 2601 249 2650 et
273 2593 434 2651 editionem
462 2595 594 2653 eiusdem
623 2595 678 2652 viri
705 2595 878 2653 doctissimi.
930 2593 1015 2669 Quae
1044 2596 1075 2653 in
1102 2595 1230 2652 editione
1257 2605 1361 2654 nostra
1386 2597 1417 2654 in

106 2687 252 2751 Germania
279 2693 415 2771 principe
442 2698 542 2755 varias
565 2698 602 2755 ob
629 2715 738 2755 causas
768 2699 866 2755 minus
896 2707 974 2756 recte
1006 2697 1215 2754 administrata
1242 2707 1327 2756 erant
1357 2717 1417 2756 non

105 2795 184 2852 multa
210 2813 291 2868 sane,
320 2817 356 2856 ea
382 2799 485 2874 paullo
512 2809 580 2874 post
606 2809 740 2857 correcta
767 2807 836 2858 sunt
863 2801 894 2856 in
915 2808 1077 2858 retractata
1098 2799 1265 2858 tabularum
1288 2800 1418 2858 editione

104 2893 200 2954 inserta
214 2899 311 2956 eidem
327 2900 508 2976 ephemeridi
531 2901 573 2978 (p.
591 2899 648 2959 221
663 2902 729 2978 ss).
773 2902 959 2960 Tabularum
974 2902 1090 2959 illarum
1107 2902 1182 2958 duae
1198 2902 1313 2976 priores
1330 2921 1419 2960 unam

105 2997 163 3054 olim
188 2999 348 3058 effecerant
374 3003 506 3078 quinque
536 3003 681 3062 columnis
709 3004 772 3062 sive
793 3004 910 3080 paginis
934 3004 1091 3080 scriptam3
1117 3003 1206 3060 tertia
1227 3003 1348 3060 alterius
1370 3022 1419 3060 cu-

103 3097 204 3158 iusdam
232 3122 304 3179 pars
331 3114 378 3162 est
403 3113 463 3163 tres
490 3113 605 3163 tantum
632 3107 759 3182 paginas
782 3106 898 3183 priores
922 3107 1090 3176 continens;
1116 3105 1250 3180 reliquae
1272 3105 1347 3162 duae
1369 3124 1420 3180 pe·

103 3201 209 3260 rierunt.
251 3205 303 3264 Ex
326 3208 457 3265 numeris
473 3209 615 3284 capitum,
637 3209 689 3283 qui
704 3208 848 3284 adscripti
865 3215 935 3266 sunt
948 3207 1084 3284 partibus
1101 3206 1321 3282 superstitibus,
1343 3207 1420 3264 hanc

105 3309 181 3364 totius
203 3307 278 3384 legis
295 3328 405 3367 nonam
426 3309 489 3368 fere
510 3309 604 3368 fuisse
626 3309 767 3381 tabulam,
789 3311 873 3369 illam
893 3311 1051 3386 septimam
1067 3329 1133 3366 cum
1148 3309 1357 3383 probabilitate
1372 3309 1422 3366 de-

105 3405 159 3463 duci
173 3411 285 3483 potuit3
309 3411 436 3486 periisse
450 3411 542 3487 igitur
557 3420 608 3469 aut
629 3412 723 3471 latere
737 3411 806 3470 inde
821 3430 1007 3488 consequens
1023 3419 1087 3468 erat
1101 3411 1219 3469 tabulas
1236 3428 1291 3468 sex
1306 3410 1421 3487 priores

104 3517 128 3564 et
140 3519 268 3570 octavam
292 3513 435 3590 integras,
458 3513 588 3572 fortasse
603 3514 760 3589 quinarum
776 3515 953 3591 paginarum
968 3532 1058 3571 unam
1074 3531 1233 3588 quamque,
1256 3531 1352 3570 nonae
1367 3532 1420 3588 pa-

105 3609 175 3682 ginas
197 3615 272 3673 duas
280 3635 288 3685 3
312 3625 467 3690 praeterea
488 3623 558 3691 post
579 3634 688 3674 nonam
708 3617 854 3674 incertum
877 3617 1003 3675 aliarum
1024 3633 1189 3684 numerum,
1218 3614 1270 3672 sed
1291 3614 1421 3674 fortasse

104 3731 152 3770 non
176 3734 327 3792 magnum.
372 3719 471 3792 Atque
499 3736 596 3775 nonae
622 3717 799 3794 particulam
826 3720 972 3776 minorem
999 3739 1060 3777 non
1086 3716 1212 3792 periisse
1239 3718 1293 3774 sed
1320 3727 1421 3776 extare

104 3813 185 3874 editor
206 3818 365 3895 Hispanus
389 3819 487 3877 statim
511 3819 681 3896 suspicatus
704 3829 762 3892 est;
789 3839 850 3876 non
879 3821 1109 3892 incantantum,
1133 3820 1186 3878 sed
1206 3820 1323 3878 tabulas
1346 3821 1422 3876 inte-

105 3933 162 3988 gras
188 3922 358 3996 complures
386 3920 489 3997 (atque
511 3922 585 3979 adeo
612 3922 713 3998 plures
736 3939 825 3997 quam
847 3923 967 3980 omnino
994 3941 1126 3998 unquam
1151 3922 1242 3980 fuisse
1268 3921 1423 3996 probabile

106 4019 155 4094 est)
175 4033 310 4100 repertas
333 4041 400 4082 esse
422 4031 451 4080 et
472 4023 580 4081 callide
596 4023 685 4082 celari
707 4031 829 4100 propter
851 4025 917 4080 auri
939 4041 1056 4082 sacram
1077 4025 1187 4082 famem
1207 4025 1289 4082 fama
1311 4023 1425 4081 addidit

105 4119 168 4180 inter
189 4125 252 4184 eius
275 4125 413 4201 regiones
435 4125 570 4184 homines
593 4125 730 4202 inprimis
752 4145 849 4184 rerum
866 4145 1009 4184 novarum
1025 4135 1055 4184 et
1079 4126 1281 4184 inauditarum
1302 4125 1421 4183 fertilis.

106 4217 170 4298 Spes
192 4235 292 4284 autem
313 4227 367 4284 illa
380 4225 549 4306 Berlaugae
571 4227 607 4286 de
629 4228 834 4304 recuperanda
855 4247 952 4286 nonae
974 4227 1091 4286 tabulae
1114 4229 1264 4304 particula
1286 4245 1358 4286 sane
1380 4227 1423 4283 vi-

104 4323 176 4384 detur
190 4347 257 4386 eum
272 4329 434 4400 fefellisse3
458 4348 553 4405 neque
569 4348 639 4388 vero
655 4347 779 4406 prorsus
795 4331 949 4388 mentitam
965 4347 1033 4388 esse
1055 4331 1166 4387 famam
1181 4349 1252 4387 mox
1275 4329 1423 4406 apparuit.

103 4421 209 4486 Etenim
232 4438 376 4489 autumno
399 4451 426 4487 a.
444 4431 523 4489 1875
539 4431 722 4490 Franciscus
739 4431 887 4490 Martinus
910 4431 1032 4490 Ocaira
1054 4433 1127 4490 civis
1146 4432 1328 4492 Ursonensis
1350 4431 1424 4487 viris

104 4525 186 4588 doctis
214 4533 265 4608 qni
292 4533 404 4590 muscis
431 4533 544 4591 nostris
565 4543 709 4611 praesunt
730 4534 873 4593 indicavit
898 4533 1006 4592 litteris
1042 4534 1280 4606 humanissimis,
1303 4549 1423 4591 servare

104 4645 130 4685 se
158 4631 236 4690 domi
269 4633 390 4692 tabulas
427 4635 503 4693 duas
536 4637 574 4693 ad
611 4637 706 4713 legem
740 4633 944 4695 Ursonensem
978 4638 1161 4711 pertinentes
1195 4654 1319 4712 easque,
1357 4653 1424 4691 cum

105 4729 267 4807 desperaret
306 4735 343 4792 de
379 4737 490 4812 pretio,
532 4739 619 4814 quale
655 4757 783 4814 aequum
824 4755 892 4796 esse
928 4739 1128 4810 existimaret,
1169 4740 1200 4796 in
1235 4737 1334 4813 patria
1370 4753 1425 4793 sua

104 4831 265 4904 obtinendo,
287 4838 366 4896 velle
380 4839 508 4896 vendere
523 4858 627 4898 museo
642 4841 830 4918 potissimum
845 4839 1042 4898 Berolinensi.
1085 4841 1134 4899 De
1148 4840 1214 4897 loco
1230 4857 1290 4913 quo
1306 4837 1426 4896 tabulae

103 4932 162 4992 illae
187 4951 285 4997 novae
306 4952 442 5017 repertae
465 4942 525 5000 sint
546 4951 577 5001 et
602 4951 701 5000 utrum
723 4962 818 5018 nuper
839 4942 1005 5018 prodierint
1027 4961 1064 5000 an
1087 4951 1176 4998 antea
1197 4941 1256 4998 iam
1279 4960 1338 4998 nna
1359 4959 1424 4998 cum

103 5033 154 5094 ium
178 5041 258 5099 notis
282 5042 377 5100 tribus
400 5042 496 5118 (quod
512 5063 584 5103 sane
606 5044 677 5102 licet
699 5043 859 5120 suspicari)
883 5044 1006 5101 verbum
1027 5043 1079 5100 ille
1101 5061 1160 5100 non
1183 5043 1306 5100 addidit.
1349 5043 1427 5100 Post

104 5139 193 5199 varias
214 5142 320 5218 quales
342 5145 373 5202 in
388 5145 454 5204 eius
470 5147 552 5204 modi
568 5146 698 5222 negotiis
715 5146 813 5204 solent
829 5145 963 5204 obtinere
984 5145 1176 5202 tractationes
1199 5144 1281 5220 (nam
1298 5144 1426 5220 pretium

105 5241 230 5300 venditor
252 5255 394 5322 exegerat
416 5247 490 5305 satis
507 5248 661 5325 magnum)
685 5255 714 5306 et
735 5255 806 5325 post
826 5247 906 5307 victa
928 5247 1004 5305 alius
1023 5248 1140 5324 generis
1162 5246 1328 5316 obstacula,
1351 5264 1427 5322 quae

107 5341 144 5397 rei
174 5344 211 5401 ad
251 5345 341 5404 finem
377 5347 582 5422 perducendae
619 5349 735 5426 utrique
773 5349 850 5425 parti
887 5357 1022 5426 optatum
1054 5368 1168 5407 moram
1200 5348 1350 5406 faciebant
1385 5348 1428 5404 in·

1185 5449 1224 5506 ’μ
