3632 6040
324 571 371 640 22
878 547 1098 638 onnnunnno

323 763 565 841 Peutingeranus
593 762 697 820 titulos
724 761 793 820 inde
813 760 929 838 profert
953 758 1090 818 112225.
1115 757 1195 817 2246
1219 757 1339 833 (horum
1362 765 1486 833 uterque
1509 758 1546 816 ab
1568 757 1657 815 Anti·

324 865 470 944 quissimo
492 865 657 924 translatus
679 881 748 922 esse
774 862 898 940 potest).
922 862 1014 934 4107,
1041 862 1078 920 ab
1101 861 1234 937 Antiqua
1261 866 1339 918 certe
1366 857 1558 918 abiudioandi
1585 866 1657 920 suut

325 969 407 1044 (vide
430 986 522 1045 supra
542 988 572 1044 p.
591 965 652 1042 18).
696 965 780 1024 Inter
803 963 1009 1024 Granatenses
1036 963 1112 1021 liber
1133 961 1367 1020 Filonardianus
1394 961 1476 1020 solus
1498 959 1558 1018 duo
1579 961 1659 1038 frag-

326 1079 426 1131 menta
447 1069 562 1128 inedita
582 1068 772 1143 indidemque
794 1067 914 1124 titulum
937 1064 1001 1127 Ser.
1025 1065 1122 1124 Persii
1150 1065 1270 1142 saepius
1294 1064 1476 1139 descriptum
1501 1063 1544 1138 (n.
1562 1061 1657 1140 2083)

326 1182 357 1234 11
371 1173 636 1250 Antiquarieusem
652 1171 687 1228 P.
704 1171 818 1246 Magnii
839 1168 908 1227 Rufi
931 1167 973 1243 (n.
992 1165 1086 1242 2029)
1110 1185 1214 1226 omnes
1236 1166 1332 1226 literis
1355 1165 1523 1224 uncialibus
1547 1176 1577 1223 et
1592 1185 1659 1224 oum

326 1275 493 1336 imitatione
521 1273 651 1350 quadam
673 1271 784 1331 veteris
812 1271 966 1330 literarum
988 1270 1101 1329 formae
1123 1269 1253 1347 profert;
1281 1268 1333 1345 qui
1355 1267 1434 1326 tituli
1457 1269 1495 1326 ob
1517 1268 1594 1326 hano
1615 1269 1659 1343 ip·

328 1397 394 1439 sam
415 1377 566 1437 insolitam
591 1375 731 1450 speciem,
759 1391 830 1449 pars
856 1373 946 1432 etiam
968 1373 1039 1449 quia
1063 1390 1124 1431 non
1145 1371 1254 1448 integri
1277 1371 1505 1439 servaberunt,
1528 1370 1558 1429 in
1581 1369 1660 1427 Peu-

327 1481 436 1558 tingeri
460 1477 626 1554 Sanutique
648 1477 794 1554 exemplis
818 1476 921 1535 omissi
939 1476 1084 1533 videntur.
1128 1473 1236 1551 Neque
1257 1473 1337 1531 enirn
1359 1472 1466 1530 alienis
1488 1491 1504 1530 e
1526 1471 1659 1530 fontibus

329 1585 403 1641 haee
424 1583 455 1640 in
477 1581 587 1639 librum
602 1579 848 1638 Filenardianum
870 1577 1043 1653 pervenisse
1059 1596 1126 1635 oum
1148 1576 1217 1634 inde
1239 1575 1303 1632 veri
1325 1574 1422 1632 simile
1445 1581 1500 1645 est,
1522 1573 1603 1649 qnod
1625 1593 1661 1631 ea

329 1685 435 1744 seriem
458 1683 611 1742 titulorum
635 1681 672 1738 ab
689 1681 822 1757 Antiquo
844 1680 1049 1751 collectorum,
1071 1679 1123 1755 qui
1146 1677 1309 1737 secuudum
1331 1677 1400 1736 loca
1421 1675 1562 1752 dispositi
1584 1685 1662 1747 sunt,

329 1807 391 1846 non
418 1784 552 1856 turbant,
586 1793 647 1842 tum
682 1803 718 1842 ea
749 1802 782 1842 re
815 1783 1049 1854 demonstratur,
1083 1779 1162 1857 quod
1193 1780 1253 1838 looi
1285 1779 1430 1837 indioatio
1463 1797 1554 1854 quam
1586 1778 1662 1836 liber

330 1888 562 1949 Filonardianus
590 1886 675 1944 titulo
701 1885 736 1944 P.
760 1884 874 1961 Magnii
899 1882 970 1941 Rufi
998 1881 1108 1958 (2029)
1135 1889 1215 1940 recte
1241 1881 1345 1940 tribuit
1373 1880 1418 1956 (tn
1445 1899 1467 1938 a.
1492 1880 1661 1940 Sebastiano

330 1991 495 2066 Anticlere)
524 1989 627 2048 eadem
651 1988 731 2063 apud
754 1985 912 2056 Senatum,
940 1985 991 2061 qui
1013 1985 1068 2043 has
1096 1983 1294 2043 indicationes
1321 1983 1369 2040 hie
1390 1991 1423 2040 ut
1450 2000 1541 2058 saepe
1563 1982 1662 2040 turba·

331 2095 373 2152 vit
393 2093 472 2152 falso
496 2093 574 2150 redit
595 2089 634 2148 ad
655 2110 685 2148 n.
702 2088 829 2164 20511).

413 2195 479 2254 lam
506 2213 584 2270 quae
610 2193 706 2252 fuisse
734 2191 872 2250 videatur
901 2190 995 2248 series
1018 2189 1173 2248 titulorum
1194 2187 1335 2264 Antiqui,
1363 2188 1474 2248 tabulis
1497 2187 1663 2246 illustrabi-

330 2316 397 2358 mus
421 2297 519 2355 citatis
543 2295 713 2354 auctoribus
730 2291 853 2354 Siedero
870 2291 1085 2351 Filenardiano
1109 2288 1222 2350 Sanuto
1237 2290 1419 2366 Peutingero
1442 2290 1663 2368 adscriptisque

331 2400 464 2460 numeris
491 2398 702 2468 indicantibus,
730 2405 839 2472 quotus
869 2396 909 2454 sit
936 2395 1065 2471 quisque
1086 2393 1192 2451 titulus
1219 2392 1252 2450 in
1274 2391 1400 2468 singulis
1426 2391 1582 2470 exemplis.
1625 2394 1663 2450 In

331 2505 410 2562 libro
437 2500 653 2560 Filonardiano
680 2498 797 2558 numeri
822 2498 917 2573 lsqq.
945 2497 1096 2572 pertinent
1117 2494 1154 2554 ad
1183 2494 1236 2553 fol.
1253 2493 1291 2551 31
1306 2511 1390 2570 sqq,
1417 2495 1534 2554 numeri
1558 2490 1582 2550 1‘
1596 2512 1662 2570 sqq.

332 2605 371 2664 ad
392 2605 444 2662 fol.
463 2598 584 2660 1-30'
606 2600 687 2676 (vide
706 2619 798 2677 supra
819 2622 848 2677 p.
867 2599 928 2675 18).
972 2599 1008 2656 In
1030 2596 1123 2656 titulis
1146 2597 1198 2671 qui
1220 2601 1306 2654 extra
1328 2596 1435 2654 seriem
1457 2597 1664 2672 Hispanorum

332 2706 461 2784 dispersi
484 2704 642 2763 traduntur
664 2721 719 2779 pro
740 2702 789 2760 his
811 2701 943 2760 numeris
965 2701 1039 2759 folia
1062 2699 1197 2758 codieum
1223 2697 1372 2757 adnotavi.
1417 2700 1453 2758 In
1474 2699 1533 2756 fine
1555 2698 1664 2758 Tarra·

333 2807 508 2868 oonensium
535 2807 625 2883 posui
651 2805 758 2864 seriem
789 2803 1016 2880 inscriptionum
1043 2802 1215 2861 Tarracone
1242 2807 1442 2877 repertarum,
1475 2819 1553 2877 quae
1584 2801 1665 2878 apud

334 2912 430 2971 solum
459 2908 616 2970 Siederum
645 2915 675 2965 et
706 2907 784 2965 inter
811 2905 1019 2965 Filonardiani
1053 2903 1262 2981 supplementa
1294 2910 1394 2962 exstat
1420 2903 1527 2980 (supra
1553 2922 1581 2979 p.
1600 2902 1665 2979 20),

333 3013 440 3072 deinde
463 3011 666 3082 Aesonenses,
689 3028 765 3086 quae
786 3009 925 3087 leguntur
948 3006 1028 3083 apud
1051 3004 1216 3067 Siederum.
1260 3003 1297 3063 In
1318 3004 1378 3063 fine
1400 3007 1492 3064 totius
1515 3005 1666 3064 collectio-

333 3117 381 3175 nis
408 3114 497 3193 posui
524 3131 591 3172 oum
613 3131 658 3182 ea,
685 3111 794 3188 quibus
816 3122 930 3171 eertum
952 3111 1050 3169 locum
1073 3109 1232 3186 adsignare
1260 3129 1321 3169 non
1342 3107 1499 3180 audebam,
1521 3107 1666 3167 1111111-

335 3219 450 3278 sitanos
478 3215 581 3274 titulos
604 3213 813 3272 Filonardiani
842 3223 872 3272 et
894 3211 1001 3272 Sanuti
1030 3212 1138 3288 (supra
1159 3233 1188 3290 p.
1207 3211 1271 3288 21),
1298 3212 1426 3288 denique
1447 3230 1525 3287 quae
1547 3210 1667 3268 aliunde

334 3321 373 3379 ad
394 3317 535 3396 exempla
557 3316 802 3375 Filonardianum
825 3324 855 3375 et
876 3315 1130 3392 Peutingeranum
1153 3321 1358 3374 accesserunt.

419 3420 468 3477 Ad
497 3419 632 3478 ordinem
659 3420 738 3494 quod
765 3419 880 3490 attinet,
908 3436 966 3495 quo
995 3417 1106 3496 singuli
1133 3417 1212 3475 tituli
1239 3417 1377 3476 collocati
1405 3425 1485 3490 sunt,
1519 3414 1667 3492 imprimis

336 3523 516 3584 monendum
539 3529 595 3593 est,
617 3520 649 3579 in
666 3519 799 3580 Baeticis
821 3521 917 3578 multa
939 3537 1005 3578 esse
1028 3520 1154 3578 ineerta:
1178 3539 1217 3578 ex
1231 3519 1363 3578 numeris
1386 3525 1485 3578 autem
1508 3519 1670 3594 unicuique

336 3624 525 3702 inscriptioni
548 3623 697 3701 appositis
719 3623 813 3682 lector
834 3623 910 3698 ipse,
938 3621 1009 3698 quid
1032 3630 1157 3693 constet,
1180 3621 1252 3697 quid
1275 3623 1372 3682 minus
1396 3627 1523 3692 constet,
1547 3621 1669 3696 dignos-

271 3770 274 3774 ·
337 3747 403 3788 1111
424 3726 544 3804 poterit.

336 3834 541 3844 —————-

414 3895 438 3963 ξ)
457 3894 517 3946 Non
542 3895 633 3946 inutile
657 3895 705 3944 erit
724 3895 940 3960 Antiquarienses
964 3895 1051 3945 titulos
1074 3901 1102 3944 ut
1124 3893 1271 3959 exemplum
1291 3893 1419 3942 eiusmodi
1440 3892 1533 3945 Sanuti
1556 3906 1672 3941 errorum

338 4003 502 4056 componere.
533 3987 651 4050 Quorum
670 3988 748 4038 series
767 3987 832 4038 haec
851 3993 902 4038 est:

586 4080 707 4132 Sannaus
1256 4077 1472 4128 Fnoannnmnus

337 4176 370 4224 In
388 4174 446 4224 foro
466 4171 638 4237 Antiquariae
1056 4171 1088 4221 In
1107 4171 1193 4234 platea
1212 4170 1354 4220 Antiehere

411 4267 473 4329 imp.
493 4278 560 4314 oses.
1129 4263 1191 4326 imp.
1213 4276 1278 4312 caes.

337 4357 405 4408 Ibid.
425 4358 452 4406 in
472 4355 536 4406 aede
555 4371 575 4405 1.
595 4354 695 4408 sebast.
873 4373 876 4380 ·
1056 4355 1088 4404 In
1108 4371 1128 4406 s.
1149 4353 1249 4407 Sebast.
1269 4355 1375 4406 Antich.

413 4465 447 4500 m.
468 4447 630 4512 sempronius
1130 4463 1155 4510 p.
1176 4447 1279 4510 magnis
1301 4463 1325 4511 q.
1345 4447 1363 4496 f.

339 4543 407 4594 Ibid.
427 4543 455 4592 iu
475 4541 552 4592 domo
571 4541 672 4606 privata
1058 4537 1126 4588 Ibid.
1144 4539 1172 4587 in
1192 4538 1269 4588 domo
1289 4539 1355 4604 priv.

413 4651 439 4700 p.
460 4633 560 4700 quintio
1132 4647 1167 4680 m.
1187 4631 1348 4696 sempronius

339 4727 401 4777 Ibid
419 4727 446 4776 in
465 4725 530 4775 turri
553 4724 643 4790 oppidi
1059 4723 1126 4771 Ibid.
1146 4723 1173 4771 in
1193 4729 1262 4772 turre
1283 4723 1394 4788 quadam

415 4819 469 4868 divi
488 4831 545 4881 aug.
565 4831 591 4866 n.
1132 4831 1158 4878 p.
1178 4815 1277 4879 quintio
1297 4831 1322 4878 p.
1342 4815 1361 4864 f.

341 4911 409 4963 Ibid.
429 4912 456 4960 in
475 4910 539 4960 aede
559 4909 584 4961 d.
604 4909 710 4960 Ysidori
1059 4907 1091 4957 In
1110 4907 1205 4972 templo
1226 4922 1246 4956 1.
1266 4906 1362 4956 Isidori

415 5002 531 5070 quentini
1134 5000 1185 5049 divi
1205 5013 1263 5063 surg.
1282 5015 1308 5048 n.

1059 5092 1091 5142 In
1111 5091 1222 5158 quadam
1241 5091 1305 5140 turri

1134 5183 1253 5249 quintini.

343 5284 425 5334 Veras
445 5286 530 5332 autem
550 5295 605 5330 esse
630 5277 691 5328 libri
709 5278 890 5328 Filenardianl
915 5277 1085 5328 indicationes
1104 5291 1137 5326 ex
1157 5276 1194 5326 111
1214 5289 1280 5340 quae
1302 5274 1408 5324 aliunde
1427 5274 1460 5324 de
1479 5273 1571 5322 horum
1590 5273 1680 5322 titulo-

343 5389 402 5426 rum
422 5375 472 5426 situ
490 5372 585 5423 tradita
604 5377 663 5422 sunt
681 5371 743 5420 11111
765 5375 872 5420 constat.
